3720 5875
1526 587 1874 652 —60—

517 749 654 815 Cur
685 753 913 813 autem
949 748 1022 813 in
1053 747 1246 813 valle.
1265 747 1570 813 fluminis
1602 748 1954 813 Prahovae
1989 747 2226 826 ingens
2262 744 2629 811 multitudo
2666 745 2970 824 creverit,

429 862 760 938 apparent
809 878 1047 921 causae
1095 856 1430 936 plurimae
1487 879 1501 919 :
1556 855 1813 920 scilicet
1862 856 1974 919 via
2023 854 2246 919 ferrea
2291 876 2410 934 per
2459 859 2674 918 totam
2722 854 2973 918 vallem

428 962 827 1028 transducta
868 968 1003 1040 est3
1049 962 1290 1028 deinde
1335 963 1594 1028 incolae
1636 961 1825 1027 urbis
1872 962 2239 1027 Bucuresci
2282 962 2533 1026 mirum
2581 964 2653 1027 in
2698 960 2972 1025 modum

429 1069 751 1135 delectari
778 1069 994 1135 solent
1019 1070 1291 1138 feritate
1318 1070 1637 1147 locorum,
1662 1071 1781 1135 ubi
1810 1069 2202 1135 aedificastus
2230 1076 2326 1135 est
2351 1069 2542 1133 vicus
2571 1068 2687 1132 ille
2718 1067 2972 1143 Sinara,

431 1177 766 1241 finitimus
817 1177 1023 1241 villae
1078 1177 1339 1256 regiae3
1398 1182 1734 1258 postremo
1787 1174 2059 1241 fodinae
2117 1183 2184 1240 et
2241 1175 2635 1240 mechanica
2690 1173 2979 1238 artificia

432 1284 675 1348 florent
716 1284 789 1347 in
827 1285 1100 1363 regione
1141 1284 1327 1348 urbis
1369 1283 1719 1363 Campina‚
1763 1305 1934 1364 quae
1975 1281 2277 1348 abundat
2319 1281 2593 1362 naphta.

520 1403 768 1469 Omnes
799 1404 1010 1471 valles
1045 1402 1489 1484 supradictae,
1522 1426 1693 1484 quae
1727 1403 1872 1485 jam
1903 1402 2285 1468 redundant
2320 1403 2557 1467 incolis
2594 1403 2664 1467 in
2699 1402 2973 1481 regione

432 1516 774 1587 montana,
806 1531 1008 1590 supra
1038 1509 1313 1575 modum
1343 1510 1810 1591 frequentatae
1841 1511 2018 1575 fiunt
2049 1510 2120 1574 in
2153 1509 2425 1589 regione
2458 1509 2756 1586 collium,
2785 1530 2975 1588 prae-

357 1694 361 1696 ,
435 1617 631 1697 cipue
665 1616 736 1680 in
771 1617 1055 1681 collibus
1088 1616 1506 1693 Munteniae‚
1541 1617 1658 1696 qui
1694 1618 1873 1682 inter
1906 1638 2133 1681 omnes
2166 1617 2402 1696 plagas
2436 1615 2802 1679 Valachiae
2838 1637 2977 1679 cre-

431 1724 681 1788 britate
720 1724 1023 1787 maxima
1059 1722 1404 1803 conspicui
1446 1722 1780 1788 videntur.

521 1843 608 1907 In
654 1842 940 1923 planitie
986 1865 1164 1921 vero,
1213 1866 1388 1923 quae
1434 1866 1628 1923 saepe
1677 1843 2059 1908 herbiferae
2106 1843 2493 1908 solitudinis
2545 1846 2974 1922 conspectum

435 1949 746 2028 ostendit,
825 1949 1478 2030 frequentatissimas
1557 1972 1699 2014 esse
1773 1950 1984 2017 valles
2063 1949 2206 2030 jam
2288 1949 2977 2025 commemoravimuS,

429 2077 651 2137 neque
675 2079 941 2121 necesse
965 2062 1066 2122 est
1090 2079 1360 2121 causam
1387 2057 1628 2121 horum
1656 2057 2274 2137 phaenomenorum
2302 2057 2572 2137 longius
2600 2057 2969 2136 exquirere.

516 2177 864 2242 Postremo
897 2200 1033 2242 non
1067 2178 1528 2243 immemorem
1563 2200 1700 2241 esse
1734 2176 1925 2241 decet
1958 2182 2288 2257 quantum
2323 2176 2702 2243 redundent
2736 2177 2973 2241 incolis

431 2284 799 2349 nonnullae
840 2285 1146 2363 regiones
1186 2285 1388 2365 juxta
1427 2285 1593 2351 fines
1637 2307 2027 2364 camporum
2072 2289 2138 2348 et
2180 2283 2457 2348 collium
2501 2284 2650 2348 loca.
2689 2283 2975 2348 acclivia

431 2397 756 2468 tenentes,
813 2390 897 2456 de
951 2391 1195 2471 quibus
1250 2391 1392 2471 jam
1451 2390 1910 2467 disseruimus,
1966 2391 2350 2454 notavimus
2409 2391 2615 2455 etiam
2674 2390 2977 2454 omnium

429 2497 709 2579 frugum
768 2497 1063 2574 fertiles3
1124 2498 1295 2562 tales
1355 2505 1513 2562 sunt
1571 2497 1777 2578 plaga
1834 2496 2016 2562 dicta
2078 2523 2106 2557 ι
2176 2497 2447 2578 Abrupt
2506 2495 2619 2562 des
2680 2496 2973 2561 Collines

432 2604 715 2685 d’Arges
751 2631 782 2666 ι
823 2628 994 2685 quae
1029 2626 1068 2669 a
1101 2605 1355 2669 Pitesci
1388 2627 1600 2684 usque
1637 2603 1722 2668 ad
1756 2604 2023 2669 Gaiesci
2059 2610 2266 2684 patet,
2303 2610 2368 2668 et
2405 2627 2485 2668 ea
2516 2626 2687 2684 quae
2724 2602 2975 2668 dicitur

435 2737 464 2772 ι
505 2711 710 2776 Talus
741 2711 1263 2793 subkazrpatique
1294 2710 1407 2776 des
1440 2711 1716 2776 collines
1749 2710 1839 2775 du
1874 2711 2122 2776 Buzeu.
2160 2737 2190 2773 ι

521 2817 712 2892 Quod
762 2823 1016 2899 spectat
1065 2818 1149 2882 ad
1197 2819 1529 2883 rationem
1580 2816 2169 2898 glomerandarum
2221 2817 2593 2895 domorum,
2641 2816 2972 2882 Valachia

429 2926 507 2991 in
549 2925 712 2991 duas
753 2927 1059 3007 regiones
1101 2924 1316 2990 dividi
1356 2931 1577 3007 potest
1626 2950 1640 2990 ε
1687 2926 2032 3006 regionem
2073 2925 2371 3006 planam,
2415 2925 2534 2991 ubi
2577 2926 2972 3006 praesertim

429 3034 935 3114 agglomeratae'
955 3040 1113 3098 sunt
1134 3032 1317 3098 sedes
1338 3033 1695 3097 hominum
1719 3039 1784 3099 et
1805 3032 2149 3112 regionem
2174 3039 2563 3096 montanam
2587 3032 2703 3096 ubi
2728 3032 2976 3112 passim

428 3163 552 3222 per
593 3163 787 3221 agros
833 3141 1087 3204 effusae
1134 3145 1307 3204 sunt.
1357 3139 1592 3203 Prima
1639 3139 1826 3218 regio
1875 3139 2309 3219 amplectitur
2354 3144 2565 3203 totam
2613 3139 2973 3219 planitiem

431 3253 497 3312 et
527 3247 676 3312 loca
705 3247 945 3310 infima
973 3269 1177 3311 zonae
1208 3246 1506 3322 collium,
1540 3245 1833 3310 secunda
1862 3251 2121 3310 montes
2154 3252 2222 3309 et
2252 3268 2459 3326 prope
2489 3250 2702 3310 totam
2736 3269 2971 3311 zonam

433 3353 711 3419 collium
762 3353 1161 3417 Munteniae
1213 3361 1279 3418 et
1331 3353 1659 3417 Olteniae.
1714 3351 1819 3416 Ea
1866 3375 2023 3416 vero
2075 3351 2470 3417 discrimina
2520 3374 2603 3415 ex
2655 3353 2971 3432 plurimis

426 3460 651 3525 causis
698 3459 1107 3540 proveniunt
1153 3482 1324 3539 quae
1370 3460 1715 3539 pertinent
1764 3458 1849 3523 ad
1898 3464 2234 3535 naturam,
2285 3459 2783 3536 commercium,
2832 3457 2969 3523 his-

428 3568 696 3643 toriam,
733 3564 842 3630 vel
880 3565 964 3630 ad
1004 3566 1311 3646 gentium
1353 3564 1832 3630 condicionem.

517 3672 618 3737 Ea
669 3673 783 3737 lex
829 3694 956 3753 pro
998 3694 1157 3736 vera
1208 3671 1462 3752 ubique
1512 3671 1851 3736 habetur:
1910 3672 1981 3735 in
2032 3671 2421 3751 regionibus
2474 3694 2645 3751 quae
2700 3677 2974 3736 careant

432 3780 626 3861 aquis
676 3778 983 3844 homines
1037 3779 1397 3860 glomerari
1453 3778 1527 3842 in
1576 3779 1759 3843 vicos
1811 3801 2115 3858 magnos,
2168 3783 2402 3842 contra
2454 3779 2525 3843 in
2578 3777 2970 3859 regionibus

430 3887 808 3968 conspicuis
832 3892 1109 3968 propter
1132 3885 1389 3950 variam
1420 3886 1747 3950 rationem
1779 3884 2224 3950 altitudinum
2255 3894 2321 3951 et
2349 3886 2609 3965 copiam
2640 3908 2968 3965 aquarum

428 3993 888 4058 habitantium
938 3992 1125 4057 sedes
1171 3992 1450 4057 liberius
1497 4015 1755 4072 sparsas
1804 4015 1962 4056 esse.
2013 3991 2203 4056 Haec
2249 3991 2560 4071 exemplo
2605 3991 2974 4057 Valachiae

428 4101 591 4165 satis
627 4099 804 4164 clare
841 4099 1292 4164 illustrantur.
1332 4098 1608 4163 Etenim
1643 4098 1963 4179 planities
1999 4120 2278 4178 magnos
2313 4099 2495 4163 vicos
2530 4098 2754 4176 habet,
2792 4098 2971 4179 quod

427 4212 611 4271 terra.
659 4207 903 4272 limosa
948 4207 1240 4272 formata
1293 4210 1412 4282 est,
1465 4211 1531 4270 et
1584 4205 1831 4270 imbres
1885 4206 2174 4269 aestivae
2228 4210 2295 4268 et
2348 4205 2774 4270 autumnales
2827 4205 2969 4270 fere

429 4314 704 4380 omnino
734 4314 977 4378 absunt
1015 4337 1029 4376 ε
1064 4335 1271 4393 quare
1299 4335 1437 4378 non
1465 4335 1616 4378 raro
1647 4311 1938 4377 siccatur
1965 4311 2237 4392 penitus
2266 4311 2539 4378 humus.
2567 4351 2657 4361 —
2688 4311 2969 4393 Saepius

429 4426 664 4485 contra
702 4425 769 4484 et
805 4441 1012 4501 prope
1052 4420 1238 4483 omni
1277 4425 1578 4499 tempore
1619 4418 2001 4498 irrigantur
2036 4418 2366 4484 imbribus
2407 4419 2649 4499 plagae
2691 4420 2766 4483 in
2806 4441 2972 4483 zona

429 4527 771 4592 montium
816 4531 936 4589 aut
981 4525 1278 4590 collium.
1329 4525 1690 4589 Praeterea
1734 4526 1868 4590 rivi
1917 4530 1984 4589 et
2029 4524 2249 4591 fontes
2299 4522 2601 4605 undique
2651 4530 2973 4591 emanant

424 4637 701 4714 ‘propter
740 4630 1183 4696 altitudinum
1227 4630 1684 4696 diversitatem
1728 4654 1805 4695 ac
1845 4631 2068 4695 varias
2110 4636 2373 4695 crustae
2413 4636 2709 4696 naturas.

514 4736 778 4803 Deinde
802 4737 1175 4803 notandum
1200 4744 1300 4803 est
1324 4761 1525 4815 nunc,
1554 4739 1625 4802 in
1649 4737 2041 4817 regionibus
2066 4738 2283 4817 magis
2311 4738 2589 4818 irriguis
2616 4743 2683 4801 et
2709 4736 2972 4802 diversa

427 4843 688 4909 ratione
719 4843 1161 4910 altitudinum
1194 4845 1592 4926 conspicuis,
1623 4844 1929 4911 homines
1961 4867 2096 4910 non
2129 4843 2344 4910 solum
2377 4866 2461 4908 ex
2490 4843 2674 4924 agris
2706 4843 2971 4910 fructus
