3720 5875
1564 640 1909 705 —43-

467 803 753 867 minimo
788 801 964 882 quod
999 800 1312 867 adhibuit
1348 799 1621 866 modulo
1655 800 1983 880 provenit.
2025 798 2310 881 Gloyius
2347 800 2487 881 ipse
2522 798 2796 864 tabulae
2832 823 3010 879 suae,

468 909 723 989 majore
776 907 1048 973 modulo
1101 909 1450 972 institutae
1512 907 1628 987 (1:
1686 906 2025 986 200.000),
2078 906 2354 970 urbium
2407 912 2676 970 tantum
2730 908 3006 971 nomina
3080 946 3089 955 -

468 1015 843 1096 insculpsit.

553 1120 997 1187 Buschickius
1030 1145 1113 1186 ne
1147 1120 1541 1186 altitudines
1574 1120 1846 1202 quidem
1882 1120 2327 1186 rationalibus
2361 1120 2608 1186 litteris
2643 1121 3006 1185 inscribere

464 1229 690 1309 potuit
732 1252 746 1305 ;
786 1229 991 1292 etiam
1028 1229 1171 1292 vias
1209 1229 1454 1292 omisit.
1498 1227 1678 1301 Quid
1716 1228 1985 1292 multa?
2023 1227 2271 1293 absunt
2308 1228 2535 1293 omnia
2573 1250 2742 1307 quae
2781 1248 3003 1291 neces-

468 1336 645 1399 saria
679 1342 837 1400 sunt
870 1334 953 1399 ad
988 1334 1442 1400 existimanda
1471 1335 1939 1416 phaenomena
1971 1357 2144 1415 quae
2175 1335 2521 1414 pertinent
2555 1332 2639 1398 ad
2675 1334 3005 1398 rationem

467 1442 968 1531 distribuendae
1015 1441 1496 1506 multitudinis,
1549 1442 1790 1522 Itaque
1839 1443 2063 1522 imago
2110 1464 2243 1506 non
2292 1440 2508 1521 magis
2558 1440 3008 1521 geographica

467 1548 842 1613 ostenditur
871 1572 1071 1628 quam
1102 1548 1440 1613 schemata
1469 1572 1510 1612 a
1537 1548 1886 1614 statisticis
1915 1548 2230 1611 instituta
2259 1569 2428 1627 quae
2456 1546 2660 1625 vulgo
2690 1545 3009 1610 dicuntur

469 1680 496 1716 α
532 1655 1086 1736 Cartogrammes.
1119 1682 1148 1716 ι
1197 1654 1623 1730 BusehikiuS,
1665 1677 1818 1718 eum
1863 1651 2363 1718 incommodum
2403 1652 2868 1729 intellexisset,
2908 1660 3007 1716 ta-

465 1761 696 1826 bulam
729 1760 999 1842 adjecit,
1031 1761 1293 1826 viarum
1327 1760 1757 1826 refendarum
1791 1784 2008 1826 eausa.
2043 1761 2402 1825 Praeterea
2432 1760 2728 1841 oportuit
2762 1758 3002 1839 adjun-

466 1891 620 1949 gere
668 1869 938 1932 tertiam
991 1891 1125 1949 qua
1173 1868 1298 1933 soli
1347 1867 1763 1944 altitudines,
1815 1873 2128 1948 quartam
2179 1890 2311 1947 qua
2362 1866 2708 1947 geologiea
2758 1872 3003 1930 natura

467 1974 1011 2040 ostenderentur!
1058 1980 1180 2039 ete.

551 2081 1166 2162 Reprehensionem
1216 2081 1463 2145 vitavit
1511 2078 1814 2160 Gloyius,
1868 2079 2030 2159 quia
2077 2077 2380 2143 tabulam
2431 2077 2685 2156 majore
2736 2075 3007 2141 modulo

466 2188 783 2253 instituit.
817 2188 1346 2268 Repraesentare
1375 2188 1598 2267 potuit
1629 2192 1694 2250 et
1725 2187 1973 2250 itinera
2004 2192 2070 2250 et
2097 2186 2241 2253 vias
2272 2185 2557 2260 ferreas3
2592 2185 2796 2248 etiam
2830 2184 3002 2248 oolo-

464 2294 652 2359 ribus
698 2293 1099 2358 adumbrare
1145 2316 1332 2358 areas
1380 2292 1499 2357 ubi
1547 2292 1910 2373 peculiaris
1959 2292 2299 2372 geologica
2350 2291 2476 2356 soli
2522 2296 2771 2354 natura
2818 2290 3000 2354 inve-

464 2404 655 2468 nitur
692 2401 892 2482 (quae
925 2407 1080 2465 sunt
1113 2399 1282 2466 duae
1312 2401 1656 2477 tantum);
1690 2400 1913 2477 silvae,
1946 2420 2345 2477 camposque
2376 2396 2731 2462 humentes
2765 2404 2831 2462 et
2863 2397 3006 2460 loca

465 2509 726 2573 inculta
763 2508 1092 2573 coloribus
1131 2506 1408 2572 diversis
1446 2513 1697 2571 notare.

550 2615 932 2695 Imaginem
975 2636 1130 2678 vero
1172 2614 1267 2678 sio
1307 2611 1603 2694 praebet,
1648 2635 1818 2693 quae
1859 2634 2100 2691 parum
2144 2609 2376 2674 differt
2415 2633 2454 2674 a
2496 2608 2730 2674 tabula
2774 2609 3001 2674 choro-

467 2720 791 2812 graphica
841 2726 1167 2801 tanquam
1224 2720 1613 2784 summatim
1670 2724 1735 2782 et
1791 2717 2138 2782 nonnullis
2190 2716 2387 2781 rebus
2443 2716 2703 2780 omissis
2760 2717 3006 2779 iterum

466 2826 820 2894 delineata.
868 2826 1148 2907 Majoris
1192 2826 1394 2906 pretii
1440 2831 1612 2890 esset
1655 2825 1804 2905 ipsa
1841 2822 2078 2888 tabula
2123 2821 2669 2903 chorographiea,
2713 2827 2793 2885 ut
2837 2843 3007 2901 quae

466 2935 668 3000 simul
715 2932 1100 2999 altitudinis
1146 2932 1477 2997 rationem
1524 2930 1920 3009 ostenderet,
1968 2930 2256 2995 formam
2304 2936 2371 2995 et
2420 2929 2627 2994 situm
2676 2929 3002 3010 cujusque

464 3043 617 3117 vici,
656 3042 765 3105 vel
805 3042 1010 3104 etiam
1050 3039 1322 3104 modum
1364 3062 1497 3119 quo
1535 3037 1770 3103 domus
1812 3038 2364 3116 glomerarentur.

553 3147 886 3222 Quorsum
936 3146 1269 3210 evaserint
1315 3150 1416 3210 tot
1463 3151 1736 3224 tamque
1787 3144 2300 3208 artificiosorum
2353 3148 2632 3207 conatus
2681 3140 2766 3206 ad
2816 3143 3000 3206 inve-

465 3251 789 3321 niendum
821 3252 1153 3332 optimum
1185 3250 1459 3317 modum
1491 3249 1992 3316 demonstrandi
2026 3248 2572 3314 distributionem
2606 3249 3001 3326 incolarum,

466 3359 627 3423 satis
665 3380 995 3440 superque
1033 3356 1657 3423 demonstravimus.
1700 3356 2125 3421 Sententiam
2159 3356 2408 3421 multos
2447 3359 2605 3419 ante
2640 3378 2850 3423 minos
2887 3378 3001 3420 ex-

464 3465 708 3545 pressit
742 3463 1065 3529 Behmius
1108 3488 1122 3527 :
1578 3467 1583 3471 “

555 3594 583 3628 α
624 3568 751 3632 Die
801 3569 1362 3650 topographische
1414 3570 1618 3634 Karte
1671 3592 1814 3634 nun
1866 3569 1953 3633 ist
2005 3567 2122 3632 der
2172 3573 2534 3648 genaueste
2585 3565 2723 3629 und
2776 3565 2879 3631 bis
2933 3565 3005 3629 in

468 3674 720 3739 eizelne
758 3674 1107 3751 richtigste
1144 3675 1500 3740 Ausdruck
1538 3676 1652 3740 fiir
1689 3675 1800 3740 die
1833 3675 2239 3755 Verteilung
2276 3672 2392 3738 der
2431 3671 2926 3751 Bevolkerung.
2965 3697 2995 3733 ι
