3720 5875
1908 597 2252 660 -50-

798 756 1282 834 multitudinis,
1310 754 1422 819 sed
1451 756 1656 819 etiam
1687 754 1771 819 ad
1800 756 2028 819 omnia
2055 756 2515 836 phaenomena
2546 777 2716 835 quae
2747 753 3173 835 geographus
3202 755 3347 818 ins-

799 865 1020 945 picere
1059 863 1268 928 soleat
1313 887 1326 926 :
1372 864 1631 926 scilicet
1668 861 1753 926 ad
1794 860 2238 926 altitudinum
2280 863 2609 925 rationem
2653 869 2720 926 et
2762 860 3175 940 geologicam
3219 860 3352 924 soli

798 976 1133 1046 naturam,
1180 968 1265 1033 ad
1309 969 1662 1033 climatum
1709 967 2272 1048 gignentiumque
2320 967 2803 1046 condicionem,
2848 968 2957 1032 vel
3002 968 3206 1031 etiam
3255 965 3346 1030 ad

799 1075 1194 1140 divitiarum
1234 1074 1798 1144 distributionem.

886 1182 1057 1247 Cum
1088 1182 1489 1247 Valachiam
1518 1183 1790 1262 penitus
1821 1180 2449 1262 introspexissemus
2482 1188 2547 1245 et
2582 1181 3017 1246 circumvecti
3049 1201 3345 1244 essemus

798 1295 1011 1354 totam
1050 1290 1416 1369 regionem,
1460 1287 1867 1353 credidimus
1908 1310 2145 1369 operae
2186 1289 2479 1369 pretium
2519 1288 2684 1366 fore,
2727 1288 2784 1351 si
2825 1285 3123 1351 methodi
3163 1287 3344 1366 peri-

799 1396 1029 1460 culum
1059 1396 1455 1473 faceremus,
1487 1397 1719 1459 tritam
1752 1395 1944 1459 nobis
1976 1396 2319 1472 regionem
2352 1393 2679 1473 eligendo.

884 1503 1063 1567 Aliis
1100 1502 1318 1566 causis
1354 1500 1439 1565 ad
1473 1501 1774 1566 studium
1812 1501 2179 1567 Valachiae
2217 1500 2488 1565 adducti
2528 1523 2776 1565 sumus,
2820 1499 2990 1563 Cum
3027 1498 3346 1563 florerent

798 1630 1009 1688 regna
1073 1608 1382 1689 Europae
1448 1607 1902 1685 occidentalis,
1969 1608 2317 1685 Valachia,
2384 1609 2565 1672 tristi
2632 1609 3003 1673 Turcorum
3069 1607 3347 1672 servitio

799 1713 1127 1796 subjecta,
1170 1714 1465 1779 hostium
1513 1715 1921 1778 exercitibus
1968 1722 2360 1795 perpetuam
2409 1713 2999 1795 depopulationem
3046 1714 3345 1778 inferen-

800 1821 1005 1898 tibus,
1034 1822 1207 1885 vires
1236 1827 1502 1884 tantum
1534 1823 1802 1884 reficere
1833 1822 2070 1901 coepit,
2101 1828 2456 1901 postquam
2486 1823 2557 1884 in
2588 1821 2970 1885 libertatem
2998 1820 3346 1884 vindicata

802 1936 921 2004 est,
966 1926 1443 2007 conditumque
1491 1935 1588 1992 est
1636 1950 1918 2007 regnum
1965 1927 2366 1991 Rumaniae.
2415 1928 2456 1990 J
2464 1949 2581 1990 ure
2629 1949 2872 1990 nomen
2919 1932 3199 2006 usurpat
3245 1950 3347 1990 re-

803 2035 1043 2114 gioniS,
1092 2040 1169 2098 ut
1216 2033 1472 2110 dicunt,
1523 2057 1750 2099 novae.
1805 2033 2204 2096 Mechanica
2253 2034 2538 2096 artificia
2592 2055 2742 2097 cum
2792 2034 2908 2096 vix
2960 2038 3348 2109 nascantur,

801 2141 1124 2221 majorem
1154 2140 1452 2205 nondum
1481 2147 1742 2221 partem
1770 2140 2076 2203 obtinent
2107 2143 2177 2203 in
2207 2141 2494 2218 negotiis
2523 2140 2856 2204 humanis
2889 2140 3348 2221 Praecipuum

803 2254 902 2311 est
952 2247 1407 2327 agriculturae
1456 2253 1895 2312 momentum.
1950 2246 2286 2309 Numerus
2336 2246 2739 2309 rusticorum
2789 2246 3004 2309 multo
3053 2252 3351 2326 praestat

802 2352 1099 2417 urbanae
1138 2351 1587 2417 multitudini.

889 2459 1001 2523 Ita
1028 2459 1395 2522 Valachiae
1427 2482 1629 2539 prope
1662 2458 1895 2522 eadem
1927 2465 2022 2522 est
2056 2482 2233 2522 nunc
2266 2458 2567 2522 condicio
2599 2465 2799 2538 atque
2832 2459 3140 2539 Europae
3171 2460 3344 2523 occi-

803 2565 1090 2629 dentalis
1117 2566 1481 2645 incipiente
1505 2566 1767 2628 saeculo
1792 2564 2050 2629 decimo
2075 2588 2267 2642 none,
2293 2566 2468 2628 circa
2491 2588 2745 2628 annum
2771 2564 3239 2642 MDCCCXX,
3263 2564 3349 2628 ad

803 2694 1003 2754 quem
1046 2672 1479 2752 Sprecherius
1520 2694 1856 2751 regressus
1901 2680 2017 2748 est,
2061 2678 2478 2735 scrutaturus
2521 2671 3068 2736 distributionem
3111 2672 3345 2735 multi-

802 2778 1060 2842 tudinis
1091 2802 1293 2859 quam
1323 2785 1515 2841 vocat
1547 2806 1574 2838 α
1614 2777 2123 2857 bodensta'ndig.
2161 2805 2189 2839 ι»
2229 2779 2397 2840 Fere
2429 2802 2654 2842 omnes
2686 2779 3053 2842 Valachiae
3085 2779 3348 2842 incolae

805 2891 962 2950 sunt
998 2911 1025 2945 α
1070 2883 1560 2964 bodenstandig
1598 2910 1627 2945 n
1675 2883 1742 2947 id
1779 2892 1876 2948 est
1913 2885 2169 2949 ratione
2207 2885 2669 2965 glomerantur
2706 2893 2936 2950 exacte
2975 2908 3347 2950 accommo-

803 2991 962 3056 data
995 2990 1079 3054 ad
1112 2992 1573 3072 phaenomena
1608 2991 1907 3072 physica.
1946 2991 2032 3055 In
2066 2992 2316 3056 talibus
2354 2993 2742 3072 regionibus
2778 2995 3136 3074 praecipue
3172 2993 3349 3058 utile

805 3122 942 3162 esse
1001 3097 1268 3162 videtur
1328 3098 1599 3162 modum
1662 3098 2162 3162 distribuendae
2225 3099 2687 3163 multitudinis
2751 3099 3092 3179 indagare,
3154 3122 3346 3181 prae-

805 3206 1034 3270 sertim
1062 3228 1215 3269 cum
1241 3206 1633 3269 methodum
1658 3207 2068 3286 propositam
2095 3206 2254 3269 huic
2283 3205 2503 3270 studio
2531 3206 2866 3271 adhibeas„

892 3312 1200 3393 Denique
1247 3319 1598 3393 propterea
1645 3312 2043 3376 Valachiam
2094 3312 2420 3391 elegimus
2470 3311 2645 3391 quod
2694 3336 2889 3378 nemo
2939 3312 3157 3376 adhuc
3204 3320 3350 3376 ten-

802 3420 977 3483 tavit
1014 3420 1385 3483 incolarum
1424 3419 1684 3499 copiam
1723 3420 1793 3480 in
1830 3441 1904 3481 ea
1944 3419 2214 3497 regione
2253 3418 2502 3484 tabulis
2543 3419 3008 3499 geographicis
3047 3418 3350 3482 demons-

803 3533 981 3590 trare
1010 3527 1055 3603 ¹,
1079 3527 1386 3606 quamvis
1408 3526 1609 3589 multi
1634 3525 1756 3588 hoc
1782 3526 2192 3589 tentaverint
2217 3526 2287 3588 in
2312 3526 2531 3605 plagis
2556 3527 2864 3607 Europae
2890 3526 3342 3592 occidentalis,

807 3632 1027 3706 Quare
1076 3655 1220 3713 spes
1268 3640 1412 3696 erat
1458 3633 1529 3694 in
1576 3632 1795 3695 lucem
1844 3630 2228 3711 proferendi
2277 3655 2447 3696 nova
2496 3631 2824 3711 quaedam
2874 3640 3074 3715 atque
3123 3633 3340 3695 utilia.

1102 3936 1131 4012 ἓ
1172 3938 1231 3999 2.
1274 3973 1362 3982 —-
1409 3933 1749 4012 Quomodo
1795 3934 2150 3997 ‘materiam
2194 3931 2580 3997 tabularum
2628 3931 3046 4012 elegerimus,

892 4146 1362 4210 Multitudinis
1402 4145 1948 4208 distributionem
1993 4147 2430 4225 investiganti
2471 4148 2844 4211 necessaria
2883 4147 3171 4210 materia.
3207 4148 3345 4226 pri-

806 4275 995 4315 mum
1052 4250 1511 4315 conferenda:
1573 4251 1845 4314 tabulae
1907 4252 2391 4331 geographicae
2451 4251 2810 4316 admodum
2870 4254 3225 4332 perfectae,
3283 4259 3353 4315 et

805 4360 1073 4422 numeri
1113 4380 1314 4438 quam
1356 4359 1795 4437 exactissimi,
1811 4381 1893 4421 ex
1934 4358 2286 4422 breviariis
2328 4361 2807 4423 statisticorum
2851 4362 3168 4439 excerpti.

892 4464 1169 4528 Tabulis
1209 4464 1677 4543 geographicis
1716 4466 1820 4527 usi
1863 4487 2092 4528 sumus
2134 4487 2305 4544 quae
2345 4465 2824 4529 inscribuntur.
2872 4492 2901 4527 «ι
2951 4466 3173 4529 Harta
3211 4466 3345 4530 Ro-

871 4650 917 4698 1.
954 4648 1195 4698 Tabulae
1238 4648 1476 4697 lusoriae
1521 4648 1656 4698 libro
1697 4649 1924 4699 Sturzac
1965 4650 2058 4710 qui
2101 4649 2416 4699 inscribitur
2456 4670 2477 4693 α
2522 4648 2823 4712 Suprafata
2866 4652 2912 4711 si
2953 4650 3348 4711 populaiiunea

807 4723 1098 4786 Regatului
1130 4722 1415 4772 Romaniei
1450 4744 1471 4765 »
1503 4724 1636 4772 nihil
1669 4724 1817 4774 aliud
1847 4725 1977 4774 sunt
2007 4736 2178 4786 quarn
2210 4724 2493 4773 schemata
2524 4724 2690 4784 hujus
2721 4728 2943 4785 generis
2973 4724 3120 4786 quod
3152 4724 3351 4775 dicitur

805 4819 829 4843 α
861 4799 1317 4861 cartogram111e5‚
1351 4819 1372 4841 n
1405 4798 1605 4859 quibus
1636 4800 2050 4850 demonstratur
2078 4800 2381 4860 separatim
2411 4798 2720 4860 frequentia
2749 4802 2988 4851 rusticae
3018 4803 3070 4851 et
3101 4801 3349 4853 urbanae

804 4874 1175 4923 multitudinis
1210 4872 1343 4934 (Bul.
1381 4872 1503 4922 Soc,
1544 4874 1736 4935 Geoqr.
1772 4875 1953 4934 Rom,
1989 4874 2142 4931 1896).
