3720 5875
1892 578 2237 643 —18—

796 744 917 808 alii
957 748 1182 807 autem
1224 739 1569 821 quadratis
1610 739 1813 803 simul
1854 746 1920 803 et
1957 739 2246 819 trapezia
2285 744 2575 802 utuntur
2608 740 2644 805 ¹.
2690 737 2873 811 Quin
2916 747 2982 804 et
3023 743 3343 807 nonnulli

795 849 1082 914 fuerunt
1120 853 1423 912 auctores
1462 845 1701 911 utendi
1744 845 1982 926 figuris
2025 868 2196 925 quae
2239 844 2949 910 circumscriberentur
2991 848 3343 926 parallelis

792 963 860 1021 et
897 953 1292 1018 meridianis
1321 957 1367 1013 ².

879 1062 1053 1144 Ejus
1084 1062 1249 1127 artis
1282 1057 1709 1125 incommoda
1738 1058 1975 1124 multis
2006 1057 2229 1123 verbis
2263 1056 2718 1123 demonstrare
2753 1058 3039 1124 minime
3069 1081 3340 1125 necesse

794 1173 911 1234 est.
2429 1205 2432 1208 2

880 1273 1030 1340 Hoc
1058 1273 1359 1355 primum
1393 1277 1654 1353 oportet
1685 1269 2220 1337 animadvertere
2253 1294 2267 1335 ε
2306 1270 2362 1335 si
2396 1268 2686 1335 fideliter
2719 1272 2884 1336 artis
2915 1270 3336 1351 principium

792 1380 984 1461 sequi
1017 1379 1333 1456 volueris,
1370 1377 1442 1442 id
1479 1384 1577 1442 est
1613 1378 1689 1441 in
1724 1399 1992 1457 quaque
2029 1376 2249 1456 figura
2285 1399 2643 1441 numerum
2683 1378 3062 1444 incolarum
3097 1384 3337 1443 exacte

794 1492 1201 1565 computare,
1255 1508 1519 1548 necesse
1572 1485 1698 1547 erit
1753 1506 1980 1547 omnes
2032 1483 2307 1558 viculo&
2361 1483 2469 1544 vel
2524 1483 2726 1545 etiam
2783 1483 3083 1562 singulas
3135 1484 3340 1547 villas

793 1614 996 1672 quam
1031 1590 1235 1656 multi
1274 1590 1530 1654 incolae
1566 1588 1878 1653 habitent
1912 1589 2194 1653 novisse.
2234 1587 2454 1660 Quare
2492 1611 2640 1652 eam
2678 1594 2889 1653 artem
2929 1591 3024 1654 eis
3060 1595 3335 1655 tantum

793 1697 1097 1778 imperiis
1134 1695 1452 1760 adhibere
1490 1696 1669 1772 licet,
1709 1695 1782 1759 in
1819 1695 2066 1773 quibus
2104 1717 2340 1758 census
2380 1695 2478 1758 ita
2513 1701 2703 1759 actus
2741 1702 2860 1773 est,
2897 1702 2974 1760 ut
3013 1718 3094 1761 ea
3128 1696 3333 1761 docu-

792 1811 1022 1867 menta
1051 1805 1120 1866 in
1150 1809 1465 1882 promptu
1495 1801 1758 1863 habeas.
1794 1800 2096 1872 Quarum
2126 1801 2242 1862 vix
2275 1799 2406 1864 duo
2436 1808 2554 1865 aut
2583 1802 2716 1863 tria
2747 1802 3074 1864 novimus,

878 1908 1140 1974 Deinde
1185 1909 1491 1988 quamvis
1536 1907 1776 1971 idonea
1819 1908 2038 1986 figura
2106 1907 2338 1982 utaris,
2377 1906 2768 1971 ¹insolentes
2838 1914 2905 1971 et
2970 1914 3334 1988 conspectu

790 2019 1032 2096 parum
1075 2037 1228 2079 cum
1270 2013 1494 2078 indole
1535 2012 1987 2093 geographica
2028 2017 2470 2092 congruentes
2513 2035 2649 2077 non
2688 2019 2972 2094 possunt
3010 2036 3151 2078 non
3189 2037 3333 2080 esse

789 2119 1085 2199 tabulae,
1125 2141 1292 2198 quas
1346 2140 1427 2183 eo
1483 2117 1682 2183 modo
1719 2119 2157 2196 instruxeris3
2199 2119 2557 2198 praecipue
2599 2120 2672 2183 in
2711 2119 3099 2199 regionibus
3139 2142 3332 2185 mon-

789 2226 990 2302 tanis,
1024 2226 1144 2290 ubi
1180 2223 1468 2289 altitudo
1503 2225 1800 2290 locorum
1838 2225 2056 2304 magis
2094 2248 2296 2304 quam
2334 2224 2556 2289 ubivis
2590 2225 2941 2291 variabilis
2977 2233 3094 2291 est.
3137 2226 3333 2299 Quod

790 2331 1096 2411 exemplo
1141 2331 1529 2395 tabularum
1578 2332 1970 2411 percipitur,
2019 2354 2204 2410 quast,
2253 2330 2336 2393 ad
2383 2330 2968 2395 demonstrandam
3016 2334 3332 2397 multitu-

788 2437 969 2500 dinis
1003 2436 1546 2500 distributionem
1586 2438 1655 2500 in
1690 2438 2034 2515 p1·0vin0ia
2073 2437 2250 2500 (licta
2287 2465 2315 2497 ι
2362 2438 2544 2500 Tirol
2583 2466 2611 2499 a
2654 2438 2867 2504 edidit
2902 2439 3330 2503 MullneriuS.

790 2545 972 2624 Apte
1005 2542 1279 2623 quidem
1318 2542 1585 2622 scripsit
1624 2543 2059 2620 Steinhauser
2098 2543 2121 2582 ³
2161 2566 2307 2606 eam
2348 2549 2561 2607 artem
2597 2548 2867 2608 tantum
2905 2543 2988 2607 ad
3029 2542 3327 2609 studium

788 2650 1143 2728 regionum
1179 2648 1539 2729 planarum
1576 2648 1883 2713 adhiberi
1918 2673 2126 2729 posse.

874 2756 973 2819 At
1011 2776 1246 2820 revera
1286 2756 1411 2819 illa
1449 2755 1801 2820 methodus
1868 2757 2237 2820 statisticae
2303 2754 2515 2820 indoli
2581 2758 2854 2837 propior
2917 2758 3120 2822 etiam
3189 2780 3332 2822 esse

788 2859 1060 2924 videtur
1104 2883 1309 2942 quam
1355 2855 1477 2925 ars¹
1508 2860 1942 2941 computandi
1990 2862 2362 2926 incolarum
2413 2864 2674 2944 copiam
2722 2863 2795 2927 in
2841 2863 3129 2943 singulis
3177 2886 3327 2943 pro·-

787 2966 1053 3031 vinciis.
1094 2966 1368 3032 Accidit
1405 2968 1586 3031 enim
1625 2973 1703 3031 ut
1742 2968 2231 3048 aliquantisper
2270 2992 2423 3033 cum
2464 2976 2705 3034 natura
2747 2976 3125 3050 congruant
3161 2970 3332 3034 fines

789 3073 1314 3153 provinciarum,
1339 3072 1500 3138 dum
1524 3097 1737 3154 neque
1762 3075 2116 3139 civitatum
2141 3075 2416 3140 fortuna
2440 3099 2655 3156 neque
2680 3077 3030 3141 annalium
3056 3078 3334 3156 egregia

787 3179 975 3244 facta
1002 3181 1274 3245 omnino
1303 3181 1522 3245 soluta
1548 3203 1624 3244 ac
1652 3179 1993 3259 disjuncta
2022 3182 2281 3247 fuerint
2311 3205 2348 3246 a
2378 3183 2674 3248 locorum
2706 3189 2969 3249 natura.
3004 3185 3333 3249 Flumina

788 3286 973 3350 enim
1008 3294 1129 3351 aut
1161 3288 1495 3352 montium
1527 3287 1693 3367 juga
1729 3309 1923 3366 saepe
1959 3293 2368 3365 sequuntur3
2405 3309 2640 3352 verum
2676 3286 3180 3367 hexagonorum
3216 3288 3332 3351 vel

789 3390 1269 3472 quadratorum
1307 3374 1601 3457 ambitus
1638 3414 1717 3456 ea
1749 3398 2122 3457 transeunt.

875 3496 1137 3562 Deinde
1216 3503 1515 3577 superest
1593 3497 2094 3562 incommodum
2170 3496 2343 3563 illud
2422 3497 2599 3577 quod
2678 3499 2961 3565 urbibus
3039 3498 3328 3580 paritur,

789 3603 1128 3684 etiamque
1186 3625 1368 3668 nunc
1428 3604 1720 3683 gravius.
1785 3604 2154 3683 Nunquam
2212 3605 2396 3669 enim
2456 3604 2762 3670 videmus
2819 3606 3056 3671 urbem
3116 3628 3329 3671 unam

787 3707 1071 3774 duarum
1131 3710 1631 3790 provinciarum
1691 3716 1953 3789 partem
2013 3733 2149 3774 esse
2171 3734 2185 3787 ;
2250 3712 2621 3789 figurarum
2683 3719 2907 3776 autem
2971 3714 3328 3793 geometri-

787 3838 1017 3880 carum
1053 3815 1316 3881 ambitu
1354 3817 1423 3879 in
1458 3815 1785 3896 plurimas
1821 3823 2044 3896 partes
2081 3816 2294 3880 divisa
2333 3840 2469 3881 esse
2507 3825 2741 3897 potest.

875 3920 1315 3987 Incommoda
1354 3922 1549 3986 istius
1591 3921 1891 3986 methodi
1935 3923 2284 4001 agnovisse
2325 3923 2646 3989 videntur
2685 3925 2893 3989 etiam
2935 3924 3043 3989 illi
3084 3926 3205 4005 qui
3247 3947 3329 3990 ea

787 4027 893 4090 usi
931 4033 1104 4091 sunt.
1146 4027 1477 4091 Nonnulli
1517 4028 1720 4105 enim,
1760 4035 1837 4091 ut
1875 4029 2234 4107 Tragerius
2273 4038 2341 4095 et
2376 4028 2740 4094 Gelbkeius
2778 4031 3029 4110 figuras
3069 4052 3330 4111 geome-

785 4132 988 4196 tricas
1034 4134 1105 4196 in
1148 4133 1397 4197 tabulis
1440 4138 1710 4197 tantum
1755 4133 1839 4197 ad
1883 4136 2136 4213 primas
2183 4135 2648 4214 indagationes
2693 4138 2962 4203 usitatis
3008 4138 3135 4203 sibi
3183 4137 3327 4202 des-

787 4238 1077 4315 cribunt,
1117 4239 1190 4303 in
1225 4238 1460 4304 tabula
1497 4262 1651 4304 vero
1691 4239 1872 4304 edita
1911 4241 2239 4309 flexuosas
2278 4243 2490 4309 lineas
2530 4242 2786 4309 ducunt
2825 4244 2912 4309 ad
2949 4244 3328 4309 incolarum

847 4427 893 4477 1.
929 4428 1168 4477 Taaosn.
1204 4427 1554 4479 Volksdichte
1587 4429 2091 4481 Niederschlesiens
2123 4430 2380 4482 Zeus-chr.
2415 4431 2453 4492 {-
2493 4434 2640 4482 Wiss
2675 4433 3032 4495 Gcoyraphie‚
3067 4432 3154 4491 VI,
3187 4433 3327 4492 1888,

785 4516 877 4565 pp.
910 4503 1129 4554 1235-200.
1165 4504 1328 4554 Karte
1360 4504 1457 4555 der
1486 4504 2224 4567 Bcvo!kei-ungsdichtigkeit
2254 4520 2365 4557 von
2398 4507 2872 4559 Nicclerschlcsien
2903 4510 2930 4559 1
2970 4522 2981 4560 :
3012 4508 3232 4559 550.000.

845 4591 890 4641 2.
926 4591 991 4641 Α.
1026 4590 1424 4641 ΞτΕιΝηΛῑέιςιι.
1462 4591 1637 4643 Ucbcr
1670 4593 2021 4657 Einftihrung
2055 4594 2152 4644 der
2186 4595 2645 4654 Quadi-altuinum
2681 4597 2794 4647 und
2829 4596 3328 4657 Quadralsckunde

784 4665 870 4801 lggi
891 4666 1302 4792 ἐξὲξ-1390111119
1326 4667 1422 4716 der
1447 4668 1711 4718 relativen
1738 4668 2334 4731 Bevolkerungsdichte
2359 4670 2495 4718 Mill.
2525 4671 2577 4719 d.
2609 4672 2800 4731 Geoyr.
2831 4672 2947 4721 Ges,
2977 4671 3157 4729 wien,
3185 4670 3326 4731 1863,

845 4827 893 4876 3.
931 4828 1328 4880 Srmxmusssn.
1361 4830 1440 4894 Op
1467 4832 1554 4883 cil.
