3720 5875
1482 631 1829 692 —45—

382 787 742 856 methodus
765 811 920 854 vere
946 788 1398 871 geographica
1422 786 1730 854 adhiberi
1755 787 1985 868 possit,
2013 788 2267 855 scilicet
2296 786 2683 854 tabularum
2709 787 2930 854 medio

380 895 676 962 modulo.

477 1068 577 1135 ΙΙ.
609 1106 701 1120 -
733 1068 1265 1149 Inspicientibus
1297 1068 1442 1148 jam
1475 1065 1670 1132 nobis
1704 1072 1881 1133 artes
1914 1067 2138 1133 adhuc
2174 1067 2534 1147 adhibitae,
2569 1068 2792 1133 visum
2830 1073 2932 1134 est

389 1198 596 1257 quam
637 1176 841 1240 utiles
884 1175 1034 1239 fieri
1077 1175 1335 1255 possint
1376 1173 1651 1238 tabulae
1697 1174 2055 1238 institutae
2098 1174 2466 1239 secundum
2512 1174 2928 1255 principium

387 1283 695 1362 regiones
737 1281 1078 1346 naturales
1118 1278 1478 1347 formandi.
1524 1279 1848 1353 Quamvis
1894 1281 2075 1343 enim
2117 1282 2673 1361 praestantiorem
2716 1278 2934 1345 reddi-

390 1387 614 1452 derint
644 1386 1037 1452 methodum
1068 1385 1571 1451 demonstrandi
1605 1386 1979 1450 incolarum
2015 1387 2278 1467 copiam
2312 1388 2384 1451 in
2416 1387 2588 1452 areis
2622 1410 2704 1451 ex
2736 1393 2931 1467 pacto

390 1494 937 1572 circumscriptis,
992 1515 1070 1556 ea
1122 1515 1276 1556 cum
1329 1514 1489 1556 vera
1541 1489 1764 1556 indole
1821 1492 2358 1572 geographorum
2412 1491 2936 1573 haudquaquam

393 1601 723 1679 congruit.
762 1601 891 1663 Ars
926 1622 1081 1664 vero
1115 1598 1445 1662 flexuosas
1483 1598 1695 1662 lineas
1730 1598 2156 1663 describendi
2192 1600 2348 1663 solis
2384 1599 2637 1664 tabulis
2673 1602 2932 1665 minore

391 1705 667 1771 modulo
707 1712 865 1786 apta
907 1711 1023 1769 est.
1071 1703 1331 1769 Deinde
1376 1705 1750 1768 incolarum
1794 1706 2061 1784 copiam
2102 1707 2173 1768 in
2217 1706 2389 1770 areis
2433 1712 2679 1770 natura
2720 1706 2933 1770 finitis

396 1819 783 1892 computare
807 1812 1142 1892 imprimis
1168 1810 1450 1874 difficile
1475 1817 1594 1887 est,
1619 1809 1824 1875 etiam
1850 1810 2205 1875 methodus
2229 1834 2307 1875 ea
2331 1835 2469 1875 esse
2491 1810 2780 1888 videtur,
2806 1833 2937 1890 qua

397 1918 668 1999 singula
691 1919 974 1982 scrutari
999 1918 1230 1998 possis,
1256 1939 1390 1982 non
1414 1940 1643 1981 veram
1670 1915 2218 1983 distributionem
2245 1917 2708 1983 multitudinis
2732 1919 2934 1997 plane

396 2023 868 2089 demonstrare.

484 2130 864 2211 Imaginem
917 2129 1277 2210 quamdam
1329 2132 1556 2194 animo
1608 2130 1955 2209 concipere
2005 2152 2356 2209 possumus
2407 2129 2748 2209 perfectae
2796 2153 2933 2194 me-

396 2236 608 2312 thodi,
647 2259 783 2316 qua
817 2242 1241 2316 computetur
1278 2236 1652 2300 incolarum
1693 2236 1885 2314 copia
1922 2236 1992 2299 in
2032 2235 2203 2299 areis
2242 2241 2487 2300 natura
2523 2235 2940 2313 delimitatis,

403 2344 476 2407 in
522 2343 764 2423 quibus
812 2343 1114 2408 omnium
1161 2341 1780 2423 phaenomenorum
1828 2364 2034 2422 prope
2083 2341 2316 2406 eadem
2365 2344 2452 2408 sit
2502 2341 2805 2407 condicio
2853 2365 2937 2407 ex

401 2449 582 2513 omni
624 2454 831 2528 parte,
873 2448 941 2511 id
979 2455 1078 2514 est
1115 2447 1346 2513 eadem
1385 2446 1790 2525 altitudinis,
1831 2447 2206 2524 climatum,
2248 2446 2677 2528 gignentium
2715 2454 2781 2512 et
2823 2448 2937 2511 rel.

397 2555 587 2619 ratio.

486 2661 679 2725 Tales
730 2668 958 2726 autem
1008 2682 1200 2725 areae
1249 2667 1494 2724 natura
1542 2659 1961 2724 delimitatae
2012 2665 2335 2724 vocantur
2386 2662 2690 2740 regiones
2742 2667 2935 2725 natu-

399 2768 573 2831 rales
611 2766 1150 2846 (franco-gallice
1191 2790 1202 2829 :
1239 2767 1504 2846 re‘yions
1539 2763 1962 2845 natur-elles).

488 2872 707 2946 Quam
736 2894 966 2936 revera
993 2877 1209 2937 artem
1232 2872 1374 2954 jam
1404 2870 1863 2936 adhibuerunt
1889 2878 2079 2953 parte
2109 2872 2342 2953 aliqua
2368 2872 2744 2939 studiorum
2775 2896 2937 2939 non-

401 2979 576 3044 nulli
643 2979 1032 3060 geographi,
1097 2980 1493 3059 praesertim
1558 2980 1677 3059 qui
1743 2979 2031 3058 optimas
2096 2978 2362 3044 tabulas
2430 2981 2692 3060 copiam
2758 2981 2939 3044 ineo-

400 3087 618 3149 larum
656 3085 1075 3149 ostendentes
1109 3084 1485 3161 ediderunt,
1521 3094 1596 3151 ut
1632 3085 2089 3162 Sprecherius,
2125 3092 2190 3149 et
2228 3086 2714 3154 NeumanniuS.
2757 3084 2942 3158 Quae

403 3215 556 3257 cum
585 3192 681 3255 ita
710 3192 867 3268 sint,
895 3213 1014 3254 cur
1043 3190 1458 3270 principium
1486 3213 1621 3255 non
1651 3190 1925 3254 omnino
1955 3212 2335 3269 sequamur,
2366 3189 2734 3271 rejiciendo
2764 3196 2941 3256 artes

399 3302 700 3362 vetustas
732 3305 799 3363 et
835 3295 1288 3362 incommodas
1310 3296 1340 3358 Ρ

492 3483 631 3548 ΙΙΙ.
659 3522 749 3532 —-
777 3482 944 3546 Fere
976 3503 1203 3546 omnes
1234 3480 1455 3545 adhuc
1485 3481 1853 3545 instructae
1885 3479 2158 3545 tabulae
2188 3479 2734 3545 distributionem
2764 3482 2940 3546 mul-

402 3588 719 3653 titudinis
759 3593 1281 3668 repraesentant,
1322 3588 1537 3651 solum
1576 3593 1778 3667 prout
1817 3592 2074 3666 spectat
2113 3585 2199 3649 ad
2238 3586 2613 3650 incolarum
2657 3587 2938 3667 copiam.

407 3695 566 3759 Una
590 3701 692 3758 est
716 3693 1068 3758 methodus
1098 3716 1269 3774 quae
1298 3694 1629 3756 rationem
1656 3714 1921 3772 quoque
1951 3692 2292 3772 significat
2320 3716 2453 3773 qua
2482 3692 2940 3756 habitantium

406 3800 588 3864 sedes
615 3801 1096 3880 glomerantur,
1124 3800 1379 3864 scilicet
1405 3797 1757 3864 methodus
1784 3822 1825 3862 a
1851 3798 2094 3877 Gloyio
2121 3804 2187 3862 et
2216 3797 2620 3862 Buschickio
2649 3799 2943 3862 inventa.

406 3907 576 3971 Eam
606 3912 832 3970 autem
865 3905 1244 3986 geographo
1274 3903 1713 3985 rejiciendam
1746 3903 2193 3981 ostendimus3
2225 3926 2461 3968 verum
2492 3905 2776 3968 maximi
2806 3927 2945 3968 mo-

406 4015 618 4077 menti
650 4020 749 4076 est
780 4035 915 4077 non
945 4013 1163 4076 solum
1194 4012 1569 4076 incolarum
1602 4011 1869 4092 copiam
1900 4010 2014 4075 sed
2046 4013 2251 4076 etiam
2283 4010 2522 4075 modus
2552 4034 2687 4091 quo
2716 4009 2943 4076 distri-

406 4120 704 4184 buantur
738 4119 1200 4183 habitantium
1238 4117 1424 4182 sedes
1462 4118 1783 4194 scrutari3
1826 4140 2218 4197 semperque
2253 4118 2531 4182 tabulae
2569 4119 2943 4182 incolarum

409 4229 674 4307 copiam
706 4225 1085 4291 ostendenti
1120 4226 1333 4290 altera
1362 4225 1600 4289 tabula
1634 4222 2021 4306 adjicienda
2054 4230 2171 4303 est,
2209 4224 2317 4287 vel
2352 4224 2640 4289 minimo
2674 4223 2947 4289 modulo

408 4332 760 4414 descripta,
817 4355 950 4412 qua
1003 4337 1278 4396 notetur
1330 4332 1502 4396 ratio
1559 4329 2178 4394 distribuendarum
2238 4328 2606 4396 domorum.
2670 4329 2947 4403 Quoties

409 4461 489 4502 ex
514 4439 866 4503 breviariis
891 4437 1089 4502 editis
1115 4436 1199 4500 ad
1224 4459 1460 4501 census
1485 4435 1931 4515 divulgandos
1956 4458 2268 4500 numeros
2291 4438 2694 4503 necessarios
2722 4459 2945 4501 excer-

406 4567 564 4627 pere
589 4551 794 4625 potes,
821 4545 1161 4625 proportio
1189 4549 1614 4624 computetur
1640 4565 1843 4622 quam
1870 4543 2038 4606 facit
2063 4565 2384 4607 numerus
2413 4544 2783 4608 incolarum
2812 4565 2951 4606 uno

412 4654 483 4716 in
532 4653 674 4717 loco
722 4652 1180 4716 habitantium
1231 4673 1384 4715 cum
1432 4672 1714 4713 numero
1762 4671 1993 4714 eorum
2043 4648 2325 4713 collatus
2376 4650 2493 4729 qui
2543 4651 2614 4712 in
2666 4648 2951 4727 singulis

411 4759 594 4822 villis
619 4756 949 4822 habitant.
977 4797 1066 4806 —-
1093 4757 1216 4822 Sin
1241 4756 1523 4821 deerunt
1550 4778 1630 4821 ea.
1655 4754 1929 4834 indicia,
1962 4760 2316 4820 contentus
2344 4755 2474 4821 eris
2504 4752 2952 4835 computando

411 4863 711 4929 medium
739 4886 1099 4929 numerum
1127 4864 1587 4930 habitantium
1615 4865 1690 4929 in
1717 4862 1982 4928 viculis.
