<?xml version="1.0" encoding="UTF-8"?>
<!DOCTYPE html PUBLIC "-//W3C//DTD XHTML 1.0 Transitional//EN"
    "http://www.w3.org/TR/xhtml1/DTD/xhtml1-transitional.dtd">
<html xmlns="http://www.w3.org/1999/xhtml" xml:lang="en" lang="en">
 <head>
  <title>
</title>
<meta http-equiv="Content-Type" content="text/html;charset=utf-8" />
  <meta name='ocr-system' content='tesseract 3.04.00' />
  <meta name='ocr-capabilities' content='ocr_page ocr_carea ocr_par ocr_line ocrx_word'/>
</head>
<body>
  <div class='ocr_page' id='page_1' title='image "./quaarteformanda00martgoog_0084.png"; bbox 0 0 3720 5875; ppageno 0'>
   <div class='ocr_carea' id='block_1_1' title="bbox 1834 535 2180 601">
    <p class='ocr_par' dir='ltr' id='par_1_1' title="bbox 1834 535 2180 601">
     <span class='ocr_line' id='line_1_1' title="bbox 1834 535 2180 601; baseline 0 -16"><span class='ocrx_word' id='word_1_1' title='bbox 1834 535 2180 601; x_wconf 77' lang='grc'>-70-</span> 
     </span>
    </p>
   </div>
   <div class='ocr_carea' id='block_1_2' title="bbox 735 692 3289 4176">
    <p class='ocr_par' dir='ltr' id='par_1_2' title="bbox 735 692 3285 1846">
     <span class='ocr_line' id='line_1_2' title="bbox 737 692 3279 777; baseline 0.002 -20"><span class='ocrx_word' id='word_1_2' title='bbox 737 692 1005 758; x_wconf 77' lang='lat' dir='ltr'><strong>trahere</strong></span> <span class='ocrx_word' id='word_1_3' title='bbox 1050 717 1287 760; x_wconf 84' lang='lat' dir='ltr'><strong>verum</strong></span> <span class='ocrx_word' id='word_1_4' title='bbox 1337 695 1544 760; x_wconf 86' lang='lat' dir='ltr'><strong>etiam</strong></span> <span class='ocrx_word' id='word_1_5' title='bbox 1592 718 1676 761; x_wconf 79' lang='lat' dir='ltr'><strong>ex</strong></span> <span class='ocrx_word' id='word_1_6' title='bbox 1724 696 1913 762; x_wconf 85' lang='lat' dir='ltr'><strong>silvis</strong></span> <span class='ocrx_word' id='word_1_7' title='bbox 1963 704 2029 764; x_wconf 90' lang='lat' dir='ltr'><strong>et</strong></span> <span class='ocrx_word' id='word_1_8' title='bbox 2079 720 2162 761; x_wconf 83' lang='lat' dir='ltr'><strong>ex</strong></span> <span class='ocrx_word' id='word_1_9' title='bbox 2206 695 2595 777; x_wconf 82' lang='lat' dir='ltr'><strong>pecoribus3</strong></span> <span class='ocrx_word' id='word_1_10' title='bbox 2648 700 2718 759; x_wconf 88' lang='lat' dir='ltr'><strong>at</strong></span> <span class='ocrx_word' id='word_1_11' title='bbox 2768 696 2839 760; x_wconf 90' lang='lat' dir='ltr'><strong>in</strong></span> <span class='ocrx_word' id='word_1_12' title='bbox 2889 696 3279 776; x_wconf 81' lang='lat' dir='ltr'><strong>regionibus</strong></span> 
     </span>
     <span class='ocr_line' id='line_1_3' title="bbox 735 802 3281 885; baseline 0.001 -19"><span class='ocrx_word' id='word_1_13' title='bbox 735 802 957 884; x_wconf 87' lang='lat' dir='ltr'><strong>planis</strong></span> <span class='ocrx_word' id='word_1_14' title='bbox 979 808 1044 868; x_wconf 90' lang='lat' dir='ltr'><strong>et</strong></span> <span class='ocrx_word' id='word_1_15' title='bbox 1066 803 1418 868; x_wconf 82' lang='lat' dir='ltr'><strong>exsiccatis</strong></span> <span class='ocrx_word' id='word_1_16' title='bbox 1439 827 1644 885; x_wconf 88' lang='lat' dir='ltr'><strong>prope</strong></span> <span class='ocrx_word' id='word_1_17' title='bbox 1667 805 1884 869; x_wconf 91' lang='lat' dir='ltr'><strong>solum</strong></span> <span class='ocrx_word' id='word_1_18' title='bbox 1906 805 2326 870; x_wconf 80' lang='lat' dir='ltr'><strong>frumentum</strong></span> <span class='ocrx_word' id='word_1_19' title='bbox 2350 813 2416 871; x_wconf 89' lang='lat' dir='ltr'><strong>et</strong></span> <span class='ocrx_word' id='word_1_20' title='bbox 2438 805 2723 869; x_wconf 83' lang='lat' dir='ltr'><strong>cerealia</strong></span> <span class='ocrx_word' id='word_1_21' title='bbox 2743 805 2891 869; x_wconf 91' lang='lat' dir='ltr'><strong>coli.</strong></span> <span class='ocrx_word' id='word_1_22' title='bbox 2919 805 3281 884; x_wconf 88' lang='lat' dir='ltr'><strong>Usurpatis</strong></span> 
     </span>
     <span class='ocr_line' id='line_1_4' title="bbox 737 909 3276 993; baseline 0 -20"><span class='ocrx_word' id='word_1_23' title='bbox 737 909 989 975; x_wconf 85' lang='lat' dir='ltr'><strong>tabulis</strong></span> <span class='ocrx_word' id='word_1_24' title='bbox 1022 909 1220 976; x_wconf 86' lang='lat' dir='ltr'><strong>dictis</strong></span> <span class='ocrx_word' id='word_1_25' title='bbox 1254 937 1282 971; x_wconf 81' lang='grc' dir='ltr'>ι</span> <span class='ocrx_word' id='word_1_26' title='bbox 1327 911 1545 976; x_wconf 87' lang='lat' dir='ltr'><strong>Harta</strong></span> <span class='ocrx_word' id='word_1_27' title='bbox 1579 910 1927 992; x_wconf 68' lang='lat' dir='ltr'><strong>padurilor</strong></span> <span class='ocrx_word' id='word_1_28' title='bbox 1959 938 1989 974; x_wconf 72' lang='grc' dir='ltr'><strong>ι</strong></span> <span class='ocrx_word' id='word_1_29' title='bbox 2030 913 2374 993; x_wconf 90' lang='lat' dir='ltr'><strong>potuimus</strong></span> <span class='ocrx_word' id='word_1_30' title='bbox 2409 916 2798 993; x_wconf 84' lang='lat' dir='ltr'><strong>computare</strong></span> <span class='ocrx_word' id='word_1_31' title='bbox 2833 917 3091 992; x_wconf 87' lang='lat' dir='ltr'><strong>quanta</strong></span> <span class='ocrx_word' id='word_1_32' title='bbox 3118 934 3276 992; x_wconf 88' lang='lat' dir='ltr'><strong>pars</strong></span> 
     </span>
     <span class='ocr_line' id='line_1_5' title="bbox 740 1018 3280 1100; baseline 0.001 -19"><span class='ocrx_word' id='word_1_33' title='bbox 740 1039 933 1081; x_wconf 89' lang='lat' dir='ltr'><strong>areae</strong></span> <span class='ocrx_word' id='word_1_34' title='bbox 956 1018 1028 1081; x_wconf 91' lang='lat' dir='ltr'><strong>in</strong></span> <span class='ocrx_word' id='word_1_35' title='bbox 1053 1040 1318 1099; x_wconf 89' lang='lat' dir='ltr'><strong>quaque</strong></span> <span class='ocrx_word' id='word_1_36' title='bbox 1340 1021 1612 1099; x_wconf 85' lang='lat' dir='ltr'><strong>regione</strong></span> <span class='ocrx_word' id='word_1_37' title='bbox 1636 1020 1824 1084; x_wconf 85' lang='lat' dir='ltr'><strong>silvis</strong></span> <span class='ocrx_word' id='word_1_38' title='bbox 1849 1025 2175 1100; x_wconf 89' lang='lat' dir='ltr'><strong>occupata</strong></span> <span class='ocrx_word' id='word_1_39' title='bbox 2197 1021 2304 1096; x_wconf 88' lang='lat' dir='ltr'><strong>sit,</strong></span> <span class='ocrx_word' id='word_1_40' title='bbox 2331 1018 2508 1100; x_wconf 89' lang='lat' dir='ltr'><strong>quod</strong></span> <span class='ocrx_word' id='word_1_41' title='bbox 2534 1018 2922 1084; x_wconf 88' lang='lat' dir='ltr'><strong>edocuimus</strong></span> <span class='ocrx_word' id='word_1_42' title='bbox 2950 1019 3019 1084; x_wconf 90' lang='lat' dir='ltr'><strong>in</strong></span> <span class='ocrx_word' id='word_1_43' title='bbox 3042 1018 3280 1084; x_wconf 86' lang='lat' dir='ltr'><strong>tabula</strong></span> 
     </span>
     <span class='ocr_line' id='line_1_6' title="bbox 739 1124 3280 1208; baseline -0 -18"><span class='ocrx_word' id='word_1_44' title='bbox 739 1125 1071 1190; x_wconf 84' lang='lat' dir='ltr'><strong>statistica</strong></span> <span class='ocrx_word' id='word_1_45' title='bbox 1097 1124 1550 1190; x_wconf 76' lang='lat' dir='ltr'><strong>dissertationi</strong></span> <span class='ocrx_word' id='word_1_46' title='bbox 1580 1133 1845 1191; x_wconf 90' lang='lat' dir='ltr'><strong>nostrae</strong></span> <span class='ocrx_word' id='word_1_47' title='bbox 1870 1126 2152 1208; x_wconf 83' lang='lat' dir='ltr'><strong>adjecta.</strong></span> <span class='ocrx_word' id='word_1_48' title='bbox 2185 1127 2754 1192; x_wconf 89' lang='lat' dir='ltr'><strong>Distributionem</strong></span> <span class='ocrx_word' id='word_1_49' title='bbox 2778 1149 2935 1191; x_wconf 80' lang='lat' dir='ltr'><strong>vero</strong></span> <span class='ocrx_word' id='word_1_50' title='bbox 2963 1149 3280 1207; x_wconf 88' lang='lat' dir='ltr'><strong>pecorum</strong></span> 
     </span>
     <span class='ocr_line' id='line_1_7' title="bbox 740 1231 3277 1313; baseline 0 -17"><span class='ocrx_word' id='word_1_51' title='bbox 740 1239 809 1297; x_wconf 94' lang='lat' dir='ltr'><strong>et</strong></span> <span class='ocrx_word' id='word_1_52' title='bbox 852 1231 1323 1298; x_wconf 84' lang='lat' dir='ltr'><strong>condicionem</strong></span> <span class='ocrx_word' id='word_1_53' title='bbox 1358 1256 1674 1313; x_wconf 89' lang='lat' dir='ltr'><strong>agrorum</strong></span> <span class='ocrx_word' id='word_1_54' title='bbox 1720 1233 1951 1298; x_wconf 89' lang='lat' dir='ltr'><strong>eodem</strong></span> <span class='ocrx_word' id='word_1_55' title='bbox 1998 1233 2196 1299; x_wconf 89' lang='lat' dir='ltr'><strong>modo</strong></span> <span class='ocrx_word' id='word_1_56' title='bbox 2240 1240 2473 1298; x_wconf 83' lang='lat' dir='ltr'><strong>notare</strong></span> <span class='ocrx_word' id='word_1_57' title='bbox 2518 1256 2655 1298; x_wconf 88' lang='lat' dir='ltr'><strong>non</strong></span> <span class='ocrx_word' id='word_1_58' title='bbox 2700 1234 2918 1311; x_wconf 90' lang='lat' dir='ltr'><strong>licuit,</strong></span> <span class='ocrx_word' id='word_1_59' title='bbox 2966 1231 3277 1297; x_wconf 87' lang='lat' dir='ltr'><strong>deficien-</strong></span> 
     </span>
     <span class='ocr_line' id='line_1_8' title="bbox 740 1338 3282 1420; baseline 0 -17"><span class='ocrx_word' id='word_1_60' title='bbox 740 1339 923 1404; x_wconf 91' lang='lat' dir='ltr'><strong>tibus</strong></span> <span class='ocrx_word' id='word_1_61' title='bbox 963 1338 1400 1405; x_wconf 86' lang='lat' dir='ltr'><strong>documentis.</strong></span> <span class='ocrx_word' id='word_1_62' title='bbox 1444 1341 1702 1405; x_wconf 82' lang='lat' dir='ltr'><strong>Verum</strong></span> <span class='ocrx_word' id='word_1_63' title='bbox 1740 1342 1902 1406; x_wconf 82' lang='lat' dir='ltr'><strong>satis</strong></span> <span class='ocrx_word' id='word_1_64' title='bbox 1942 1341 2224 1407; x_wconf 79' lang='lat' dir='ltr'><strong>fortasse</strong></span> <span class='ocrx_word' id='word_1_65' title='bbox 2263 1341 2391 1405; x_wconf 90' lang='lat' dir='ltr'><strong>erit</strong></span> <span class='ocrx_word' id='word_1_66' title='bbox 2431 1362 2971 1418; x_wconf 87' lang='lat' dir='ltr'><strong>commemorare,</strong></span> <span class='ocrx_word' id='word_1_67' title='bbox 3012 1340 3282 1420; x_wconf 88' lang='lat' dir='ltr'><strong>provin-</strong></span> 
     </span>
     <span class='ocr_line' id='line_1_9' title="bbox 741 1446 3285 1527; baseline -0 -17"><span class='ocrx_word' id='word_1_68' title='bbox 741 1446 879 1512; x_wconf 83' lang='lat' dir='ltr'><strong>cias</strong></span> <span class='ocrx_word' id='word_1_69' title='bbox 906 1469 1077 1526; x_wconf 90' lang='lat' dir='ltr'><strong>quae</strong></span> <span class='ocrx_word' id='word_1_70' title='bbox 1103 1446 1458 1526; x_wconf 83' lang='lat' dir='ltr'><strong>planitiem</strong></span> <span class='ocrx_word' id='word_1_71' title='bbox 1486 1454 1719 1512; x_wconf 88' lang='lat' dir='ltr'><strong>tenent</strong></span> <span class='ocrx_word' id='word_1_72' title='bbox 1746 1449 1970 1526; x_wconf 88' lang='lat' dir='ltr'><strong>potius</strong></span> <span class='ocrx_word' id='word_1_73' title='bbox 1998 1448 2211 1512; x_wconf 87' lang='lat' dir='ltr'><strong>colere</strong></span> <span class='ocrx_word' id='word_1_74' title='bbox 2242 1448 2663 1511; x_wconf 81' lang='lat' dir='ltr'><strong>frumentum</strong></span> <span class='ocrx_word' id='word_1_75' title='bbox 2692 1455 2758 1512; x_wconf 93' lang='lat' dir='ltr'><strong>et</strong></span> <span class='ocrx_word' id='word_1_76' title='bbox 2786 1469 3005 1524; x_wconf 85' lang='lat' dir='ltr'><strong>zeam;</strong></span> <span class='ocrx_word' id='word_1_77' title='bbox 3035 1447 3285 1527; x_wconf 91' lang='lat' dir='ltr'><strong>quippe</strong></span> 
     </span>
     <span class='ocr_line' id='line_1_10' title="bbox 741 1552 3281 1635; baseline 0.001 -20"><span class='ocrx_word' id='word_1_78' title='bbox 741 1552 1030 1616; x_wconf 85' lang='lat' dir='ltr'><strong>cerealia</strong></span> <span class='ocrx_word' id='word_1_79' title='bbox 1077 1552 1464 1633; x_wconf 84' lang='lat' dir='ltr'><strong>supradicta</strong></span> <span class='ocrx_word' id='word_1_80' title='bbox 1510 1554 1785 1618; x_wconf 85' lang='lat' dir='ltr'><strong>tertiam</strong></span> <span class='ocrx_word' id='word_1_81' title='bbox 1835 1560 2098 1635; x_wconf 88' lang='lat' dir='ltr'><strong>partem</strong></span> <span class='ocrx_word' id='word_1_82' title='bbox 2151 1577 2342 1619; x_wconf 90' lang='lat' dir='ltr'><strong>areae</strong></span> <span class='ocrx_word' id='word_1_83' title='bbox 2395 1561 2724 1635; x_wconf 89' lang='lat' dir='ltr'><strong>occupant</strong></span> <span class='ocrx_word' id='word_1_84' title='bbox 2775 1555 2849 1618; x_wconf 91' lang='lat' dir='ltr'><strong>in</strong></span> <span class='ocrx_word' id='word_1_85' title='bbox 2902 1580 2931 1615; x_wconf 75' lang='grc' dir='ltr'>ι</span> <span class='ocrx_word' id='word_1_86' title='bbox 2993 1552 3281 1632; x_wconf 73' lang='lat' dir='ltr'><strong>Judetul</strong></span> 
     </span>
     <span class='ocr_line' id='line_1_11' title="bbox 742 1657 3285 1740; baseline 0 -17"><span class='ocrx_word' id='word_1_87' title='bbox 742 1660 1069 1735; x_wconf 78' lang='lat' dir='ltr'><strong>Jalomita</strong></span> <span class='ocrx_word' id='word_1_88' title='bbox 1118 1685 1148 1721; x_wconf 71' lang='grc' dir='ltr'><strong>ι</strong></span> <span class='ocrx_word' id='word_1_89' title='bbox 1202 1665 1268 1725; x_wconf 88' lang='lat' dir='ltr'><strong>et</strong></span> <span class='ocrx_word' id='word_1_90' title='bbox 1314 1661 1386 1723; x_wconf 90' lang='lat' dir='ltr'><strong>in</strong></span> <span class='ocrx_word' id='word_1_91' title='bbox 1432 1685 1460 1719; x_wconf 82' lang='grc' dir='ltr'>ι</span> <span class='ocrx_word' id='word_1_92' title='bbox 1516 1659 1801 1740; x_wconf 65' lang='lat' dir='ltr'><strong>‚Tudetul</strong></span> <span class='ocrx_word' id='word_1_93' title='bbox 1850 1660 2050 1737; x_wconf 58' lang='grc' dir='ltr'><strong>Πίον,</strong></span> <span class='ocrx_word' id='word_1_94' title='bbox 2104 1687 2132 1722; x_wconf 77' lang='lat' dir='ltr'><strong>x·</strong></span> <span class='ocrx_word' id='word_1_95' title='bbox 2187 1659 2540 1724; x_wconf 89' lang='lat' dir='ltr'><strong>dimidiam</strong></span> <span class='ocrx_word' id='word_1_96' title='bbox 2587 1683 2742 1725; x_wconf 84' lang='lat' dir='ltr'><strong>vero</strong></span> <span class='ocrx_word' id='word_1_97' title='bbox 2791 1662 2863 1725; x_wconf 91' lang='lat' dir='ltr'><strong>in</strong></span> <span class='ocrx_word' id='word_1_98' title='bbox 2911 1686 2940 1721; x_wconf 75' lang='grc' dir='ltr'>ι</span> <span class='ocrx_word' id='word_1_99' title='bbox 2998 1657 3285 1738; x_wconf 72' lang='lat' dir='ltr'><strong>Judetul</strong></span> 
     </span>
     <span class='ocr_line' id='line_1_12' title="bbox 740 1765 2569 1846; baseline -0.001 -16"><span class='ocrx_word' id='word_1_100' title='bbox 740 1766 1007 1845; x_wconf 78' lang='lat' dir='ltr'><strong>Vlasca‚</strong></span> <span class='ocrx_word' id='word_1_101' title='bbox 1046 1792 1076 1828; x_wconf 71' lang='grc' dir='ltr'><strong>ι</strong></span> <span class='ocrx_word' id='word_1_102' title='bbox 1119 1765 1283 1832; x_wconf 90' lang='lat' dir='ltr'><strong>duas</strong></span> <span class='ocrx_word' id='word_1_103' title='bbox 1318 1773 1542 1846; x_wconf 87' lang='lat' dir='ltr'><strong>partes</strong></span> <span class='ocrx_word' id='word_1_104' title='bbox 1579 1769 1649 1832; x_wconf 89' lang='lat' dir='ltr'><strong>in</strong></span> <span class='ocrx_word' id='word_1_105' title='bbox 1687 1793 1716 1828; x_wconf 78' lang='grc' dir='ltr'><strong>α</strong></span> <span class='ocrx_word' id='word_1_106' title='bbox 1762 1766 2046 1846; x_wconf 72' lang='lat' dir='ltr'><strong>Judetul</strong></span> <span class='ocrx_word' id='word_1_107' title='bbox 2082 1767 2498 1833; x_wconf 84' lang='lat' dir='ltr'><strong>Teleorman.</strong></span> <span class='ocrx_word' id='word_1_108' title='bbox 2541 1794 2569 1829; x_wconf 72' lang='lat' dir='ltr'><strong>n</strong></span> 
     </span>
    </p>

    <p class='ocr_par' dir='ltr' id='par_1_3' title="bbox 738 1872 3287 2807">
     <span class='ocr_line' id='line_1_13' title="bbox 828 1872 3282 1955; baseline 0 -19"><span class='ocrx_word' id='word_1_109' title='bbox 828 1872 1022 1937; x_wconf 84' lang='lat' dir='ltr'><strong>Talia</strong></span> <span class='ocrx_word' id='word_1_110' title='bbox 1059 1872 1451 1937; x_wconf 88' lang='lat' dir='ltr'><strong>discrimina</strong></span> <span class='ocrx_word' id='word_1_111' title='bbox 1492 1875 1670 1937; x_wconf 91' lang='lat' dir='ltr'><strong>inter</strong></span> <span class='ocrx_word' id='word_1_112' title='bbox 1707 1875 2012 1955; x_wconf 87' lang='lat' dir='ltr'><strong>regiones</strong></span> <span class='ocrx_word' id='word_1_113' title='bbox 2050 1881 2402 1939; x_wconf 85' lang='lat' dir='ltr'><strong>montanas</strong></span> <span class='ocrx_word' id='word_1_114' title='bbox 2443 1875 2735 1953; x_wconf 90' lang='lat' dir='ltr'><strong>irriguas</strong></span> <span class='ocrx_word' id='word_1_115' title='bbox 2774 1881 2841 1938; x_wconf 91' lang='lat' dir='ltr'><strong>et</strong></span> <span class='ocrx_word' id='word_1_116' title='bbox 2881 1896 3282 1950; x_wconf 88' lang='lat' dir='ltr'><strong>nemorosas,</strong></span> 
     </span>
     <span class='ocr_line' id='line_1_14' title="bbox 741 1979 3287 2061; baseline -0 -18"><span class='ocrx_word' id='word_1_117' title='bbox 741 2002 1141 2061; x_wconf 91' lang='lat' dir='ltr'><strong>camposque</strong></span> <span class='ocrx_word' id='word_1_118' title='bbox 1164 1987 1527 2045; x_wconf 75' lang='lat' dir='ltr'><strong>exeiccatos</strong></span> <span class='ocrx_word' id='word_1_119' title='bbox 1550 1983 1935 2061; x_wconf 82' lang='lat' dir='ltr'><strong>saepissime</strong></span> <span class='ocrx_word' id='word_1_120' title='bbox 1958 1980 2149 2044; x_wconf 89' lang='lat' dir='ltr'><strong>nobis</strong></span> <span class='ocrx_word' id='word_1_121' title='bbox 2172 1987 2533 2045; x_wconf 83' lang='lat' dir='ltr'><strong>occurrunt</strong></span> <span class='ocrx_word' id='word_1_122' title='bbox 2555 1981 2628 2043; x_wconf 90' lang='lat' dir='ltr'><strong>in</strong></span> <span class='ocrx_word' id='word_1_123' title='bbox 2651 1980 2941 2059; x_wconf 82' lang='lat' dir='ltr'><strong>Europa.</strong></span> <span class='ocrx_word' id='word_1_124' title='bbox 2966 1979 3287 2059; x_wconf 83' lang='lat' dir='ltr'><strong>Exempli</strong></span> 
     </span>
     <span class='ocr_line' id='line_1_15' title="bbox 743 2086 3286 2168; baseline -0.001 -17"><span class='ocrx_word' id='word_1_125' title='bbox 743 2109 943 2151; x_wconf 89' lang='lat' dir='ltr'><strong>causa</strong></span> <span class='ocrx_word' id='word_1_126' title='bbox 964 2087 1330 2151; x_wconf 78' lang='lat' dir='ltr'><strong>referemus</strong></span> <span class='ocrx_word' id='word_1_127' title='bbox 1357 2087 1425 2151; x_wconf 89' lang='lat' dir='ltr'><strong>in</strong></span> <span class='ocrx_word' id='word_1_128' title='bbox 1449 2086 1780 2167; x_wconf 84' lang='lat' dir='ltr'><strong>Bulgaria</strong></span> <span class='ocrx_word' id='word_1_129' title='bbox 1799 2087 2034 2168; x_wconf 88' lang='lat' dir='ltr'><strong>plagas</strong></span> <span class='ocrx_word' id='word_1_130' title='bbox 2057 2087 2259 2167; x_wconf 76' lang='lat' dir='ltr'><strong>juxta</strong></span> <span class='ocrx_word' id='word_1_131' title='bbox 2276 2087 2448 2167; x_wconf 73' lang='lat' dir='ltr'><strong>juga,</strong></span> <span class='ocrx_word' id='word_1_132' title='bbox 2472 2086 2836 2150; x_wconf 88' lang='lat' dir='ltr'><strong>Balcanica</strong></span> <span class='ocrx_word' id='word_1_133' title='bbox 2862 2092 2926 2150; x_wconf 88' lang='lat' dir='ltr'><strong>et</strong></span> <span class='ocrx_word' id='word_1_134' title='bbox 2951 2108 3286 2151; x_wconf 88' lang='lat' dir='ltr'><strong>summam</strong></span> 
     </span>
     <span class='ocr_line' id='line_1_16' title="bbox 742 2191 3286 2274; baseline -0.001 -17"><span class='ocrx_word' id='word_1_135' title='bbox 742 2193 1098 2274; x_wconf 85' lang='lat' dir='ltr'><strong>planitiem</strong></span> <span class='ocrx_word' id='word_1_136' title='bbox 1151 2215 1322 2274; x_wconf 88' lang='lat' dir='ltr'><strong>quae</strong></span> <span class='ocrx_word' id='word_1_137' title='bbox 1374 2192 1459 2257; x_wconf 90' lang='lat' dir='ltr'><strong>ad</strong></span> <span class='ocrx_word' id='word_1_138' title='bbox 1510 2194 2032 2273; x_wconf 87' lang='lat' dir='ltr'><strong>septentrionem</strong></span> <span class='ocrx_word' id='word_1_139' title='bbox 2087 2215 2316 2257; x_wconf 90' lang='lat' dir='ltr'><strong>eorum</strong></span> <span class='ocrx_word' id='word_1_140' title='bbox 2369 2197 2577 2273; x_wconf 88' lang='lat' dir='ltr'><strong>patet,</strong></span> <span class='ocrx_word' id='word_1_141' title='bbox 2632 2193 2705 2256; x_wconf 90' lang='lat' dir='ltr'><strong>in</strong></span> <span class='ocrx_word' id='word_1_142' title='bbox 2759 2191 3286 2257; x_wconf 84' lang='lat' dir='ltr'><strong>Franco-Gallia</strong></span> 
     </span>
     <span class='ocr_line' id='line_1_17' title="bbox 742 2297 3282 2380; baseline 0 -17"><span class='ocrx_word' id='word_1_143' title='bbox 742 2305 1001 2364; x_wconf 82' lang='lat' dir='ltr'><strong>montes</strong></span> <span class='ocrx_word' id='word_1_144' title='bbox 1033 2297 1244 2364; x_wconf 90' lang='lat' dir='ltr'><strong>dictos</strong></span> <span class='ocrx_word' id='word_1_145' title='bbox 1278 2325 1306 2359; x_wconf 82' lang='grc' dir='ltr'>ι</span> <span class='ocrx_word' id='word_1_146' title='bbox 1349 2298 1592 2364; x_wconf 81' lang='lat' dir='ltr'><strong>Massif</strong></span> <span class='ocrx_word' id='word_1_147' title='bbox 1620 2300 1879 2364; x_wconf 78' lang='lat' dir='ltr'><strong>centra]</strong></span> <span class='ocrx_word' id='word_1_148' title='bbox 1913 2326 1941 2361; x_wconf 78' lang='lat' dir='ltr'><strong>x·</strong></span> <span class='ocrx_word' id='word_1_149' title='bbox 1982 2306 2048 2363; x_wconf 87' lang='lat' dir='ltr'><strong>et</strong></span> <span class='ocrx_word' id='word_1_150' title='bbox 2079 2301 2405 2379; x_wconf 81' lang='lat' dir='ltr'><strong>majorem</strong></span> <span class='ocrx_word' id='word_1_151' title='bbox 2437 2306 2700 2380; x_wconf 87' lang='lat' dir='ltr'><strong>partem</strong></span> <span class='ocrx_word' id='word_1_152' title='bbox 2733 2300 3027 2380; x_wconf 91' lang='lat' dir='ltr'><strong>regionis</strong></span> <span class='ocrx_word' id='word_1_153' title='bbox 3061 2298 3282 2363; x_wconf 86' lang='lat' dir='ltr'><strong>dictae</strong></span> 
     </span>
     <span class='ocr_line' id='line_1_18' title="bbox 744 2405 3280 2486; baseline 0.001 -18"><span class='ocrx_word' id='word_1_154' title='bbox 744 2433 773 2468; x_wconf 74' lang='grc' dir='ltr'>ι</span> <span class='ocrx_word' id='word_1_155' title='bbox 828 2405 1070 2471; x_wconf 74' lang='lat' dir='ltr'><strong>Bassin</strong></span> <span class='ocrx_word' id='word_1_156' title='bbox 1113 2405 1428 2486; x_wconf 88' lang='lat' dir='ltr'><strong>parisien.</strong></span> <span class='ocrx_word' id='word_1_157' title='bbox 1480 2432 1508 2467; x_wconf 78' lang='lat' dir='ltr'><strong>x·</strong></span> <span class='ocrx_word' id='word_1_158' title='bbox 1562 2406 1648 2470; x_wconf 89' lang='lat' dir='ltr'><strong>In</strong></span> <span class='ocrx_word' id='word_1_159' title='bbox 1693 2406 2022 2470; x_wconf 85' lang='lat' dir='ltr'><strong>Vala-chia</strong></span> <span class='ocrx_word' id='word_1_160' title='bbox 2065 2428 2221 2470; x_wconf 83' lang='lat' dir='ltr'><strong>vero</strong></span> <span class='ocrx_word' id='word_1_161' title='bbox 2268 2405 2661 2470; x_wconf 87' lang='lat' dir='ltr'><strong>discrimina</strong></span> <span class='ocrx_word' id='word_1_162' title='bbox 2707 2429 2785 2471; x_wconf 90' lang='lat' dir='ltr'><strong>eo</strong></span> <span class='ocrx_word' id='word_1_163' title='bbox 2829 2407 3135 2486; x_wconf 87' lang='lat' dir='ltr'><strong>graviora</strong></span> <span class='ocrx_word' id='word_1_164' title='bbox 3178 2407 3280 2470; x_wconf 82' lang='lat' dir='ltr'><strong>vi-</strong></span> 
     </span>
     <span class='ocr_line' id='line_1_19' title="bbox 738 2511 3280 2593; baseline -0.001 -16"><span class='ocrx_word' id='word_1_165' title='bbox 738 2511 1007 2590; x_wconf 89' lang='lat' dir='ltr'><strong>dentur,</strong></span> <span class='ocrx_word' id='word_1_166' title='bbox 1051 2511 1227 2593; x_wconf 90' lang='lat' dir='ltr'><strong>quod</strong></span> <span class='ocrx_word' id='word_1_167' title='bbox 1271 2536 1404 2577; x_wconf 91' lang='lat' dir='ltr'><strong>non</strong></span> <span class='ocrx_word' id='word_1_168' title='bbox 1449 2513 1663 2577; x_wconf 91' lang='lat' dir='ltr'><strong>solum</strong></span> <span class='ocrx_word' id='word_1_169' title='bbox 1710 2536 1790 2576; x_wconf 81' lang='lat' dir='ltr'><strong>ex</strong></span> <span class='ocrx_word' id='word_1_170' title='bbox 1836 2512 2317 2593; x_wconf 89' lang='lat' dir='ltr'><strong>phaenomenis</strong></span> <span class='ocrx_word' id='word_1_171' title='bbox 2362 2511 2445 2576; x_wconf 89' lang='lat' dir='ltr'><strong>ad</strong></span> <span class='ocrx_word' id='word_1_172' title='bbox 2489 2519 2803 2578; x_wconf 90' lang='lat' dir='ltr'><strong>naturam</strong></span> <span class='ocrx_word' id='word_1_173' title='bbox 2849 2522 2916 2579; x_wconf 91' lang='lat' dir='ltr'><strong>et</strong></span> <span class='ocrx_word' id='word_1_174' title='bbox 2960 2534 3280 2577; x_wconf 91' lang='lat' dir='ltr'><strong>commer-</strong></span> 
     </span>
     <span class='ocr_line' id='line_1_20' title="bbox 743 2618 3284 2701; baseline -0.001 -17"><span class='ocrx_word' id='word_1_175' title='bbox 743 2621 922 2684; x_wconf 90' lang='lat' dir='ltr'><strong>cium</strong></span> <span class='ocrx_word' id='word_1_176' title='bbox 978 2619 1475 2701; x_wconf 89' lang='lat' dir='ltr'><strong>pertinentibus</strong></span> <span class='ocrx_word' id='word_1_177' title='bbox 1529 2620 1958 2700; x_wconf 88' lang='lat' dir='ltr'><strong>proveniunt,</strong></span> <span class='ocrx_word' id='word_1_178' title='bbox 2015 2618 2129 2684; x_wconf 92' lang='lat' dir='ltr'><strong>sed</strong></span> <span class='ocrx_word' id='word_1_179' title='bbox 2183 2619 2388 2683; x_wconf 89' lang='lat' dir='ltr'><strong>etiam</strong></span> <span class='ocrx_word' id='word_1_180' title='bbox 2443 2618 2739 2700; x_wconf 89' lang='lat' dir='ltr'><strong>pendent</strong></span> <span class='ocrx_word' id='word_1_181' title='bbox 2796 2642 2879 2683; x_wconf 82' lang='lat' dir='ltr'><strong>ex</strong></span> <span class='ocrx_word' id='word_1_182' title='bbox 2936 2619 3284 2685; x_wconf 88' lang='lat' dir='ltr'><strong>nonnullis</strong></span> 
     </span>
     <span class='ocr_line' id='line_1_21' title="bbox 742 2725 2782 2807; baseline -0 -16"><span class='ocrx_word' id='word_1_183' title='bbox 742 2726 999 2791; x_wconf 86' lang='lat' dir='ltr'><strong>eventis</strong></span> <span class='ocrx_word' id='word_1_184' title='bbox 1034 2733 1102 2791; x_wconf 87' lang='lat' dir='ltr'><strong>et</strong></span> <span class='ocrx_word' id='word_1_185' title='bbox 1135 2749 1219 2790; x_wconf 82' lang='lat' dir='ltr'><strong>ex</strong></span> <span class='ocrx_word' id='word_1_186' title='bbox 1256 2725 1644 2792; x_wconf 88' lang='lat' dir='ltr'><strong>condicione</strong></span> <span class='ocrx_word' id='word_1_187' title='bbox 1683 2727 1990 2807; x_wconf 88' lang='lat' dir='ltr'><strong>gentium</strong></span> <span class='ocrx_word' id='word_1_188' title='bbox 2028 2727 2100 2790; x_wconf 90' lang='lat' dir='ltr'><strong>in</strong></span> <span class='ocrx_word' id='word_1_189' title='bbox 2136 2748 2346 2806; x_wconf 88' lang='lat' dir='ltr'><strong>regno</strong></span> <span class='ocrx_word' id='word_1_190' title='bbox 2381 2725 2782 2790; x_wconf 88' lang='lat' dir='ltr'><strong>Rumaniae.</strong></span> 
     </span>
    </p>

    <p class='ocr_par' dir='ltr' id='par_1_4' title="bbox 735 2832 3289 3768">
     <span class='ocr_line' id='line_1_22' title="bbox 830 2832 3283 2914; baseline -0 -16"><span class='ocrx_word' id='word_1_191' title='bbox 830 2833 1229 2898; x_wconf 86' lang='lat' dir='ltr'><strong>Notavimus</strong></span> <span class='ocrx_word' id='word_1_192' title='bbox 1288 2832 1468 2896; x_wconf 91' lang='lat' dir='ltr'><strong>enim</strong></span> <span class='ocrx_word' id='word_1_193' title='bbox 1525 2834 1668 2913; x_wconf 86' lang='lat' dir='ltr'><strong>jam</strong></span> <span class='ocrx_word' id='word_1_194' title='bbox 1727 2855 1929 2914; x_wconf 89' lang='lat' dir='ltr'><strong>supra</strong></span> <span class='ocrx_word' id='word_1_195' title='bbox 1985 2833 2327 2913; x_wconf 91' lang='lat' dir='ltr'><strong>regionem</strong></span> <span class='ocrx_word' id='word_1_196' title='bbox 2389 2839 2777 2897; x_wconf 87' lang='lat' dir='ltr'><strong>montanam</strong></span> <span class='ocrx_word' id='word_1_197' title='bbox 2839 2837 2995 2896; x_wconf 87' lang='lat' dir='ltr'><strong>ante</strong></span> <span class='ocrx_word' id='word_1_198' title='bbox 3054 2854 3283 2897; x_wconf 85' lang='lat' dir='ltr'><strong>omnes</strong></span> 
     </span>
     <span class='ocr_line' id='line_1_23' title="bbox 744 2940 3287 3021; baseline -0.001 -17"><span class='ocrx_word' id='word_1_199' title='bbox 744 2941 1077 3006; x_wconf 88' lang='lat' dir='ltr'><strong>Rumanis</strong></span> <span class='ocrx_word' id='word_1_200' title='bbox 1122 2941 1617 3021; x_wconf 80' lang='lat' dir='ltr'><strong>frequentatam</strong></span> <span class='ocrx_word' id='word_1_201' title='bbox 1665 2964 1822 3006; x_wconf 91' lang='lat' dir='ltr'><strong>esse.</strong></span> <span class='ocrx_word' id='word_1_202' title='bbox 1872 2940 2194 3004; x_wconf 89' lang='lat' dir='ltr'><strong>Rusticus</strong></span> <span class='ocrx_word' id='word_1_203' title='bbox 2238 2963 2394 3004; x_wconf 85' lang='lat' dir='ltr'><strong>vero</strong></span> <span class='ocrx_word' id='word_1_204' title='bbox 2441 2940 2795 3005; x_wconf 88' lang='lat' dir='ltr'><strong>Rumanus</strong></span> <span class='ocrx_word' id='word_1_205' title='bbox 2841 2940 3287 3004; x_wconf 86' lang='lat' dir='ltr'><strong>libentissime</strong></span> 
     </span>
     <span class='ocr_line' id='line_1_24' title="bbox 742 3045 3286 3127; baseline 0 -16"><span class='ocrx_word' id='word_1_206' title='bbox 742 3047 998 3113; x_wconf 89' lang='lat' dir='ltr'><strong>viculos</strong></span> <span class='ocrx_word' id='word_1_207' title='bbox 1038 3047 1323 3125; x_wconf 87' lang='lat' dir='ltr'><strong>habitat,</strong></span> <span class='ocrx_word' id='word_1_208' title='bbox 1366 3046 1593 3112; x_wconf 87' lang='lat' dir='ltr'><strong>decem</strong></span> <span class='ocrx_word' id='word_1_209' title='bbox 1634 3048 1742 3111; x_wconf 84' lang='lat' dir='ltr'><strong>vel</strong></span> <span class='ocrx_word' id='word_1_210' title='bbox 1782 3046 2104 3111; x_wconf 90' lang='lat' dir='ltr'><strong>tredecim</strong></span> <span class='ocrx_word' id='word_1_211' title='bbox 2148 3045 2455 3111; x_wconf 91' lang='lat' dir='ltr'><strong>domibus</strong></span> <span class='ocrx_word' id='word_1_212' title='bbox 2497 3047 2838 3124; x_wconf 80' lang='lat' dir='ltr'><strong>formatos,</strong></span> <span class='ocrx_word' id='word_1_213' title='bbox 2884 3069 3047 3127; x_wconf 91' lang='lat' dir='ltr'><strong>quos</strong></span> <span class='ocrx_word' id='word_1_214' title='bbox 3089 3054 3286 3112; x_wconf 86' lang='lat' dir='ltr'><strong>vocat</strong></span> 
     </span>
     <span class='ocr_line' id='line_1_25' title="bbox 744 3151 3284 3220; baseline -0.001 -1"><span class='ocrx_word' id='word_1_215' title='bbox 744 3180 776 3213; x_wconf 89' lang='lat'>«</span> <span class='ocrx_word' id='word_1_216' title='bbox 823 3157 1043 3219; x_wconf 60' lang='lat' dir='ltr'><strong>(zatun.</strong></span> <span class='ocrx_word' id='word_1_217' title='bbox 1093 3179 1124 3213; x_wconf 88' lang='lat'>»</span> <span class='ocrx_word' id='word_1_218' title='bbox 1167 3153 1501 3219; x_wconf 90' lang='lat' dir='ltr'><strong>Planities</strong></span> <span class='ocrx_word' id='word_1_219' title='bbox 1540 3155 1777 3220; x_wconf 88' lang='lat' dir='ltr'><strong>limosa</strong></span> <span class='ocrx_word' id='word_1_220' title='bbox 1820 3153 2302 3218; x_wconf 88' lang='lat' dir='ltr'><strong>recentioribus</strong></span> <span class='ocrx_word' id='word_1_221' title='bbox 2343 3160 2612 3218; x_wconf 88' lang='lat' dir='ltr'><strong>tantum</strong></span> <span class='ocrx_word' id='word_1_222' title='bbox 2656 3154 2851 3218; x_wconf 90' lang='lat' dir='ltr'><strong>annis</strong></span> <span class='ocrx_word' id='word_1_223' title='bbox 2893 3151 3284 3218; x_wconf 88' lang='lat' dir='ltr'><strong>hominibus</strong></span> 
     </span>
     <span class='ocr_line' id='line_1_26' title="bbox 735 3256 3289 3338; baseline -0.002 -12"><span class='ocrx_word' id='word_1_224' title='bbox 735 3259 927 3326; x_wconf 83' lang='lat' dir='ltr'><strong>culta·</strong></span> <span class='ocrx_word' id='word_1_225' title='bbox 947 3265 1063 3325; x_wconf 89' lang='lat' dir='ltr'><strong>est.</strong></span> <span class='ocrx_word' id='word_1_226' title='bbox 1090 3260 1421 3325; x_wconf 90' lang='lat' dir='ltr'><strong>Nonnulli</strong></span> <span class='ocrx_word' id='word_1_227' title='bbox 1442 3259 1577 3324; x_wconf 79' lang='lat' dir='ltr'><strong>vici</strong></span> <span class='ocrx_word' id='word_1_228' title='bbox 1602 3260 1865 3325; x_wconf 88' lang='lat' dir='ltr'><strong>saeculo</strong></span> <span class='ocrx_word' id='word_1_229' title='bbox 1887 3259 2147 3324; x_wconf 91' lang='lat' dir='ltr'><strong>decimo</strong></span> <span class='ocrx_word' id='word_1_230' title='bbox 2167 3282 2344 3324; x_wconf 91' lang='lat' dir='ltr'><strong>nono</strong></span> <span class='ocrx_word' id='word_1_231' title='bbox 2367 3257 2619 3324; x_wconf 88' lang='lat' dir='ltr'><strong>conditi</strong></span> <span class='ocrx_word' id='word_1_232' title='bbox 2643 3261 2820 3337; x_wconf 88' lang='lat' dir='ltr'><strong>sunt,</strong></span> <span class='ocrx_word' id='word_1_233' title='bbox 2843 3257 3058 3338; x_wconf 81' lang='lat' dir='ltr'><strong>aliqui</strong></span> <span class='ocrx_word' id='word_1_234' title='bbox 3082 3256 3289 3322; x_wconf 90' lang='lat' dir='ltr'><strong>etiam</strong></span> 
     </span>
     <span class='ocr_line' id='line_1_27' title="bbox 742 3366 3283 3447; baseline -0.002 -15"><span class='ocrx_word' id='word_1_235' title='bbox 742 3367 990 3433; x_wconf 88' lang='lat' dir='ltr'><strong>abhinc</strong></span> <span class='ocrx_word' id='word_1_236' title='bbox 1027 3367 1277 3447; x_wconf 87' lang='lat' dir='ltr'><strong>viginti</strong></span> <span class='ocrx_word' id='word_1_237' title='bbox 1317 3389 1543 3432; x_wconf 83' lang='lat' dir='ltr'><strong>annos.</strong></span> <span class='ocrx_word' id='word_1_238' title='bbox 1587 3366 1877 3431; x_wconf 82' lang='lat' dir='ltr'><strong>Maximi</strong></span> <span class='ocrx_word' id='word_1_239' title='bbox 1913 3367 2049 3430; x_wconf 85' lang='lat' dir='ltr'><strong>vici</strong></span> <span class='ocrx_word' id='word_1_240' title='bbox 2089 3366 2163 3431; x_wconf 88' lang='lat' dir='ltr'><strong>in</strong></span> <span class='ocrx_word' id='word_1_241' title='bbox 2202 3369 2456 3446; x_wconf 90' lang='lat' dir='ltr'><strong>campis</strong></span> <span class='ocrx_word' id='word_1_242' title='bbox 2496 3388 2690 3446; x_wconf 87' lang='lat' dir='ltr'><strong>saepe</strong></span> <span class='ocrx_word' id='word_1_243' title='bbox 2730 3389 2812 3429; x_wconf 81' lang='lat' dir='ltr'><strong>ex</strong></span> <span class='ocrx_word' id='word_1_244' title='bbox 2850 3370 3048 3446; x_wconf 91' lang='lat' dir='ltr'><strong>pacto</strong></span> <span class='ocrx_word' id='word_1_245' title='bbox 3088 3366 3283 3432; x_wconf 89' lang='lat' dir='ltr'><strong>insti-</strong></span> 
     </span>
     <span class='ocr_line' id='line_1_28' title="bbox 741 3460 3283 3552; baseline -0.001 -13"><span class='ocrx_word' id='word_1_246' title='bbox 741 3475 876 3540; x_wconf 90' lang='lat' dir='ltr'><strong>tuti</strong></span> <span class='ocrx_word' id='word_1_247' title='bbox 909 3473 1211 3549; x_wconf 79' lang='lat' dir='ltr'><strong>fuerunt‚</strong></span> <span class='ocrx_word' id='word_1_248' title='bbox 1246 3460 1399 3538; x_wconf 87' lang='lat' dir='ltr'><strong>cum</strong></span> <span class='ocrx_word' id='word_1_249' title='bbox 1433 3473 1697 3538; x_wconf 90' lang='lat' dir='ltr'><strong>colonia</strong></span> <span class='ocrx_word' id='word_1_250' title='bbox 1727 3472 2015 3537; x_wconf 89' lang='lat' dir='ltr'><strong>deducta</strong></span> <span class='ocrx_word' id='word_1_251' title='bbox 2048 3480 2165 3549; x_wconf 88' lang='lat' dir='ltr'><strong>est,</strong></span> <span class='ocrx_word' id='word_1_252' title='bbox 2199 3496 2417 3552; x_wconf 86' lang='lat' dir='ltr'><strong>neque</strong></span> <span class='ocrx_word' id='word_1_253' title='bbox 2452 3479 2834 3552; x_wconf 87' lang='lat' dir='ltr'><strong>congruunt</strong></span> <span class='ocrx_word' id='word_1_254' title='bbox 2869 3495 3024 3537; x_wconf 89' lang='lat' dir='ltr'><strong>cum</strong></span> <span class='ocrx_word' id='word_1_255' title='bbox 3058 3470 3283 3537; x_wconf 88' lang='lat' dir='ltr'><strong>indole</strong></span> 
     </span>
     <span class='ocr_line' id='line_1_29' title="bbox 742 3578 3284 3659; baseline -0.002 -13"><span class='ocrx_word' id='word_1_256' title='bbox 742 3589 812 3647; x_wconf 88' lang='lat' dir='ltr'><strong>et</strong></span> <span class='ocrx_word' id='word_1_257' title='bbox 855 3579 1452 3646; x_wconf 84' lang='lat' dir='ltr'><strong>consuetudinibus</strong></span> <span class='ocrx_word' id='word_1_258' title='bbox 1496 3580 1900 3645; x_wconf 81' lang='lat' dir='ltr'><strong>rusticorum</strong></span> <span class='ocrx_word' id='word_1_259' title='bbox 1947 3579 2450 3655; x_wconf 81' lang='lat' dir='ltr'><strong>Rumanorum3</strong></span> <span class='ocrx_word' id='word_1_260' title='bbox 2499 3578 2748 3659; x_wconf 88' lang='lat' dir='ltr'><strong>quippe</strong></span> <span class='ocrx_word' id='word_1_261' title='bbox 2795 3600 3284 3658; x_wconf 89' lang='lat' dir='ltr'><strong>nonnunquam</strong></span> 
     </span>
     <span class='ocr_line' id='line_1_30' title="bbox 743 3683 3285 3768; baseline -0.001 -18"><span class='ocrx_word' id='word_1_262' title='bbox 743 3687 1141 3752; x_wconf 88' lang='lat' dir='ltr'><strong>habitantur</strong></span> <span class='ocrx_word' id='word_1_263' title='bbox 1179 3710 1219 3751; x_wconf 88' lang='lat' dir='ltr'><strong>a</strong></span> <span class='ocrx_word' id='word_1_264' title='bbox 1255 3687 1651 3768; x_wconf 78' lang='lat' dir='ltr'><strong>peregriniS,</strong></span> <span class='ocrx_word' id='word_1_265' title='bbox 1691 3686 1952 3751; x_wconf 87' lang='lat' dir='ltr'><strong>scilicet</strong></span> <span class='ocrx_word' id='word_1_266' title='bbox 1989 3685 2328 3764; x_wconf 90' lang='lat' dir='ltr'><strong>Bulgaris‚</strong></span> <span class='ocrx_word' id='word_1_267' title='bbox 2371 3684 2615 3761; x_wconf 83' lang='lat' dir='ltr'><strong>Serhis,</strong></span> <span class='ocrx_word' id='word_1_268' title='bbox 2655 3685 2762 3748; x_wconf 88' lang='lat' dir='ltr'><strong>vel</strong></span> <span class='ocrx_word' id='word_1_269' title='bbox 2803 3683 3285 3748; x_wconf 78' lang='lat' dir='ltr'><strong>TransilvaniS.</strong></span> 
     </span>
    </p>

    <p class='ocr_par' dir='ltr' id='par_1_5' title="bbox 741 3792 3284 4176">
     <span class='ocr_line' id='line_1_31' title="bbox 830 3792 3284 3873; baseline -0.001 -16"><span class='ocrx_word' id='word_1_270' title='bbox 830 3793 941 3857; x_wconf 89' lang='lat' dir='ltr'><strong>Sic</strong></span> <span class='ocrx_word' id='word_1_271' title='bbox 990 3792 1383 3858; x_wconf 89' lang='lat' dir='ltr'><strong>discrimina</strong></span> <span class='ocrx_word' id='word_1_272' title='bbox 1431 3793 1609 3857; x_wconf 90' lang='lat' dir='ltr'><strong>inter</strong></span> <span class='ocrx_word' id='word_1_273' title='bbox 1658 3793 1999 3873; x_wconf 89' lang='lat' dir='ltr'><strong>regionem</strong></span> <span class='ocrx_word' id='word_1_274' title='bbox 2049 3797 2439 3856; x_wconf 89' lang='lat' dir='ltr'><strong>montanam</strong></span> <span class='ocrx_word' id='word_1_275' title='bbox 2492 3796 2557 3856; x_wconf 89' lang='lat' dir='ltr'><strong>et</strong></span> <span class='ocrx_word' id='word_1_276' title='bbox 2607 3813 2838 3854; x_wconf 88' lang='lat' dir='ltr'><strong>zonam</strong></span> <span class='ocrx_word' id='word_1_277' title='bbox 2892 3812 3284 3870; x_wconf 88' lang='lat' dir='ltr'><strong>camporum</strong></span> 
     </span>
     <span class='ocr_line' id='line_1_32' title="bbox 750 3897 3284 3981; baseline -0.001 -18"><span class='ocrx_word' id='word_1_278' title='bbox 750 3898 958 3981; x_wconf 85' lang='lat' dir='ltr'><strong>(quod</strong></span> <span class='ocrx_word' id='word_1_279' title='bbox 1005 3904 1260 3980; x_wconf 87' lang='lat' dir='ltr'><strong>spectat</strong></span> <span class='ocrx_word' id='word_1_280' title='bbox 1306 3897 1389 3963; x_wconf 86' lang='lat' dir='ltr'><strong>ad</strong></span> <span class='ocrx_word' id='word_1_281' title='bbox 1437 3897 1904 3979; x_wconf 80' lang='lat' dir='ltr'><strong>glomerandas</strong></span> <span class='ocrx_word' id='word_1_282' title='bbox 1951 3897 2220 3977; x_wconf 90' lang='lat' dir='ltr'><strong>domus)</strong></span> <span class='ocrx_word' id='word_1_283' title='bbox 2273 3897 2507 3962; x_wconf 91' lang='lat' dir='ltr'><strong>haberi</strong></span> <span class='ocrx_word' id='word_1_284' title='bbox 2554 3904 2835 3977; x_wconf 87' lang='lat' dir='ltr'><strong>possunt</strong></span> <span class='ocrx_word' id='word_1_285' title='bbox 2881 3897 2953 3960; x_wconf 93' lang='lat' dir='ltr'><strong>in</strong></span> <span class='ocrx_word' id='word_1_286' title='bbox 3001 3918 3284 3962; x_wconf 90' lang='lat' dir='ltr'><strong>numero</strong></span> 
     </span>
     <span class='ocr_line' id='line_1_33' title="bbox 741 4000 3284 4087; baseline -0.001 -19"><span class='ocrx_word' id='word_1_287' title='bbox 741 4004 1358 4087; x_wconf 88' lang='lat' dir='ltr'><strong>phaenomenorum</strong></span> <span class='ocrx_word' id='word_1_288' title='bbox 1393 4004 1679 4070; x_wconf 82' lang='lat' dir='ltr'><strong>maximi</strong></span> <span class='ocrx_word' id='word_1_289' title='bbox 1715 4005 2063 4082; x_wconf 89' lang='lat' dir='ltr'><strong>momenti,</strong></span> <span class='ocrx_word' id='word_1_290' title='bbox 2102 4005 2159 4069; x_wconf 91' lang='lat' dir='ltr'><strong>si</strong></span> <span class='ocrx_word' id='word_1_291' title='bbox 2195 4004 2346 4084; x_wconf 89' lang='lat' dir='ltr'><strong>quis</strong></span> <span class='ocrx_word' id='word_1_292' title='bbox 2384 4004 2458 4067; x_wconf 91' lang='lat' dir='ltr'><strong>in</strong></span> <span class='ocrx_word' id='word_1_293' title='bbox 2494 4001 2793 4068; x_wconf 88' lang='lat' dir='ltr'><strong>studium</strong></span> <span class='ocrx_word' id='word_1_294' title='bbox 2834 4000 3284 4082; x_wconf 84' lang='lat' dir='ltr'><strong>geographiae</strong></span> 
     </span>
     <span class='ocr_line' id='line_1_34' title="bbox 742 4111 1484 4176; baseline 0 0"><span class='ocrx_word' id='word_1_295' title='bbox 742 4111 1078 4176; x_wconf 89' lang='lat' dir='ltr'><strong>humanae</strong></span> <span class='ocrx_word' id='word_1_296' title='bbox 1118 4111 1484 4176; x_wconf 86' lang='lat' dir='ltr'><strong>incumbat.</strong></span> 
     </span>
    </p>
   </div>
  </div>
 </body>
</html>
