3720 5875
1862 605 2206 669 „10-

769 767 1017 849 criptas
1040 765 1390 831 mendaces
1414 765 1669 843 dicunt,
1694 789 1802 830 eas
1826 773 2052 832 autem
2078 765 2322 846 quibus
2345 767 2564 847 major
2584 767 2895 835 modulus
2920 778 3016 835 est
3041 779 3311 838 tantum

765 894 1050 938 veraces,

858 979 1068 1044 Nobis
1114 978 1386 1059 quidem
1435 980 1563 1043 ista
1612 980 1838 1060 opinio
1885 1003 2127 1061 parum
2174 982 2360 1062 justa
2403 982 2688 1050 videtur.
2744 983 2876 1049 Sed
2919 986 3124 1051 fateri
3166 1009 3307 1054 non

769 1083 1180 1162 dubitamus,
1211 1086 1422 1150 immo
1448 1084 1899 1151 dictitandum
1930 1093 2268 1168 putamus,
2301 1089 2440 1153 alia
2465 1091 2724 1156 ratione
2753 1091 3022 1158 tabulas
3051 1094 3308 1173 majore

768 1190 1042 1256 modulo
1091 1193 1456 1284 institutas,
1509 1193 1646 1256 alia
1696 1193 1961 1258 tabulas
2013 1195 2302 1259 minores
2355 1195 2870 1261 conformandas
2921 1221 3058 1263 esse
3087 1200 3129 1263 ¹.
3183 1199 3305 1264 Est

768 1299 949 1362 enim
988 1300 1589 1380 geographicarum
1628 1301 2039 1378 tabularum,
2078 1301 2322 1381 quibus
2362 1303 2556 1383 copia
2592 1304 2965 1368 incolarum
3004 1305 3307 1370 demons-

767 1411 1006 1482 tratur,
1044 1413 1292 1470 natura
1324 1405 1555 1470 eadem
1593 1431 1668 1471 ac
1704 1408 2114 1486 tabularum,
2153 1409 2397 1488 quibus
2433 1409 2731 1474 locorum
2769 1410 3164 1477 altitudines
3198 1413 3310 1477 vel

771 1512 1257 1592 chorographia
1304 1514 1749 1578 illustrantur.
1802 1513 2310 1593 Quemcumque
2354 1514 2703 1580 modulum
2752 1515 3158 1595 adhibueris,
3202 1519 3315 1582 vel

770 1619 1116 1698 majorem,
1162 1619 1267 1682 vel
1312 1620 1660 1695 minorem,
1705 1622 1804 1683 uti
1851 1623 2100 1700 poteris
2141 1621 2376 1685 tabula
2421 1622 2504 1685 ad
2548 1623 2899 1686 veritatem
2944 1646 3314 1689 accommo-

770 1722 946 1802 data,
972 1723 1331 1789 dummodo
1353 1749 1462 1789 eas
1484 1732 1751 1789 tantum
1777 1726 2194 1791 differentias
2218 1736 2714 1807 repraesentare
2742 1730 3000 1794 coneris
3022 1754 3311 1811 quarum

768 1832 1230 1912 proportiones
1253 1855 1405 1895 cum
1430 1832 1904 1912 magnitudine
1923 1835 2311 1898 tabularum
2338 1843 2730 1914 congruant.
2761 1835 2862 1902 Sit
2889 1838 3068 1900 enim
3095 1838 3312 1916 major

769 1938 1159 2003 tabularum
1190 1938 1521 2015 modulus,
1554 1962 1633 2002 ea
1662 1940 1884 2019 imago
1914 1941 2270 2021 plagarum
2299 1942 2426 2005 tibi
2461 1941 2866 2005 ostendenda
2898 1942 3027 2007 erit
3059 1967 3142 2008 ex
3174 1944 3313 2009 alto

772 2051 1244 2126 spectatarum,
1303 2045 1532 2122 nullis,
1590 2052 1855 2126 praeter
1911 2048 2326 2127 praecipuas,
2388 2047 2585 2112 lineis
2645 2049 3160 2128 apparentibus3
3224 2051 3312 2113 sit

772 2157 997 2215 autem
1047 2153 1288 2229 minor,
1336 2152 1668 2217 videberis
1717 2177 1850 2217 non
1899 2154 2098 2232 longe
2146 2153 2391 2230 abesse,
2442 2155 2882 2235 singulaeque
2930 2161 3157 2235 partes
3203 2157 3313 2220 vel

770 2259 1096 2322 minimae
1145 2260 1217 2322 in
1267 2259 1486 2323 lucem
1539 2259 1925 2338 prodibunt.
1981 2259 2187 2324 Haud
2240 2260 2439 2324 aliter
2489 2262 2714 2325 evenit
2763 2260 3016 2325 tabulis
3065 2262 3314 2341 quibus

773 2365 962 2445 copia
1000 2365 1373 2430 incolarum
1412 2366 1835 2445 significatur
1877 2390 1890 2428 t
1931 2367 2190 2446 quoties
2226 2367 2479 2448 majore
2517 2366 2785 2432 modulo
2820 2368 3102 2444 utimur,
3138 2369 3314 2432 ratio

773 2471 1274 2536 distribuendae
1321 2471 1783 2536 multitudinis
1829 2472 2230 2551 singillatim
2281 2477 2838 2552 repraesentatur,
2886 2473 2993 2537 sin
3035 2474 3318 2550 minore,

772 2577 1182 2642 summatim.

860 2686 1058 2748 Nunc
1106 2683 1778 2748 animadvertendum
1827 2685 2094 2755 tabulals
2142 2708 2180 2748 a
2228 2686 2419 2750 nobis
2467 2685 2724 2750 oblatas
2773 2686 3103 2766 ejusmodi
3153 2708 3313 2762 esse,

774 2792 845 2853 in
895 2813 1025 2869 quo
1072 2789 1383 2855 modulus
1430 2791 1690 2855 medius
1739 2793 1826 2855 sit
1868 2815 1881 2864 ;
1931 2796 2278 2869 praeterea
2322 2791 2759 2871 proponimus
2808 2813 3052 2854 novam
3101 2798 3319 2854 artem

775 2896 1207 2962 instruendae
1256 2896 1525 2961 tabulae
1575 2920 1744 2978 quae
1795 2896 2010 2961 solum
2060 2896 2143 2961 ad
2191 2897 2456 2963 tabulas
2507 2896 2806 2978 ejusdem
2856 2898 3113 2963 formae
3160 2921 3314 2979 pro-

778 3002 966 3067 desse
1038 3010 1276 3083 potest.
1361 3003 1594 3085 Neque
1672 3005 1855 3072 enimi
1926 3004 2348 3068 arbitramur
2419 3004 2947 3085 ,chorographias
3023 3006 3313 3085 maljores

775 3111 1069 3174 multum
1122 3111 1424 3175 conferre
1477 3109 1561 3173 ad
1614 3109 2248 3191 repraesentandam
2300 3096 2676 3175 incolarum
2732 3113 3011 3191 copiam.
3069 3111 3314 3191 Itaque

771 3217 976 3281 ‘inviti
1020 3216 1452 3282 dissentimus
1496 3218 1580 3281 ab
1625 3218 2004 3281 illustribus
2048 3217 2449 3297 geographis
2494 3223 2570 3281 ut
2615 3217 2961 3282 Ratzelius
3006 3224 3072 3281 et
3119 3217 3315 3297 Spre-

775 3324 1042 3389 cherius
1076 3322 1295 3388 dictus
1329 3347 1461 3389 von
1497 3323 1809 3404 Bernegg
1839 3326 1875 3387 ².

862 3430 1048 3495 Illud
1085 3431 1265 3494 enim
1306 3430 1489 3494 infra
1525 3429 1911 3495 ostendetur
1957 3454 1969 3492 ε
2013 3452 2147 3509 quo
2182 3430 2262 3494 fit
2297 3431 2518 3510 major
2550 3429 2940 3494 tabularum
2980 3428 3314 3505 modulus,

775 3561 852 3601 eo
885 3537 1085 3618 plura
1119 3543 1477 3600 occurrunt
1515 3535 1958 3611 incommoda,
1997 3559 2166 3615 quae
2204 3542 2450 3600 natura
2485 3537 2837 3601 inhaerent
2873 3536 3126 3600 tabulis
3162 3559 3314 3617 geo-

776 3644 1116 3725 graphicis
1175 3643 1258 3707 ad
1318 3645 1577 3725 copiam
1639 3643 2013 3707 incolarum
2073 3643 2589 3722 pertinentibus.
2654 3641 2833 3715 Quid
2895 3641 2974 3705 de
3034 3642 3317 3706 urbibus

777 3750 941 3831 quid
977 3749 1057 3815 de
1093 3751 1255 3815 locis
1291 3750 1567 3815 incultis
1603 3757 1723 3814 aut
1758 3748 2056 3826 desertiS,
2094 3747 2173 3812 de
2211 3748 2419 3825 silviS,
2457 3747 2538 3812 de
2574 3750 2908 3813 montium
2946 3748 3316 3812 verticibus

777 3863 846 3922 et
876 3857 1082 3938 jugiS,
1120 3854 1199 3919 de
1235 3855 1513 3920 lacubus
1574 3862 1639 3919 et
1698 3857 1975 3935 stagnis,
2036 3855 2422 3934 campisque
2480 3854 2919 3918 humentibus
2977 3852 3314 3933 agendum

777 3964 928 4027 est?
972 3962 1096 4027 Tot
1140 3985 1214 4027 ac
1258 3968 1486 4027 tantae
1531 3960 1959 4026 difficultates
2004 3960 2295 4025 invictae
2340 3966 2514 4025 sunt.
2564 3960 2872 4040 Denique
2920 3961 3318 4040 interposita

777 4068 1196 4134 describendi
1258 4068 1432 4133 ratio
1493 4070 1770 4132 inventa
1833 4073 1951 4143 est,
2016 4090 2186 4147 quae
2249 4065 2607 4147 paululum
2671 4066 2901 4131 differt
2961 4089 3005 4130 a
3063 4064 3318 4131 tabulis

778 4175 1341 4256 chorographiciS.

863 4280 1337 4357 Quaerendum
1370 4288 1467 4346 est
1500 4281 1901 4360 geographis
1931 4286 2028 4357 ut,
2061 4278 2282 4344 medio
2314 4278 2583 4344 modulo
2617 4285 2895 4355 servat0‚
2930 4278 3319 4343 tabularum

776 4389 861 4454 ad
906 4389 1168 4470 copiam
1214 4387 1590 4452 incolarum
1636 4385 2222 4451 demonstrandam
2272 4384 2822 4450 instruendamm
2867 4390 3078 4448 artem
3128 4384 3319 4447 calli-

838 4566 883 4614 1.
922 4565 1216 4615 SPm-:curzn
1266 4578 1372 4614 vox
1426 4563 1665 4613 Bran-tc.
1719 4562 1813 4613 Die
1867 4562 2185 4623 Verteilung
2237 4561 2334 4611 der
2385 4561 2771 4623 Bcvolkcrung
2822 4562 2895 4609 im
2951 4558 3320 4610 Rhcinischen

776 4640 1166 4690 Dcutschland.
1196 4667 1259 4674 —
1288 4638 1515 4689 RArzffl..
1549 4637 2194 4699 Anthropogeographic,
2224 4650 2277 4698 p.
2311 4636 2417 4696 192,
2449 4637 2549 4686 etc..

837 4729 882 4778 2.
923 4728 1149 4777 Rmzm..
1178 4727 1823 4788 Anthropogcographie,
1854 4727 1916 4785 ΙΙ,
1946 4740 1996 4787 p.
2026 4726 2130 4775 192.
2156 4752 2220 4760 —-
2245 4725 2539 4774 SPRECHER
2568 4737 2672 4773 vox
2701 4722 2966 4772 Bssnzmo.
2997 4722 3092 4771 Die
3121 4721 3324 4770 Vertei-

778 4804 914 4865 lang
940 4804 1037 4853 der
1063 4803 1541 4864 hoclenslandigen
1574 4802 1957 4863 Bevolkcrung
1985 4803 2058 4849 im
2090 4800 2453 4848 Rheinischen
2484 4799 2858 4847 Deutschland
2888 4798 2959 4846 im
2988 4796 3150 4845 Jahre
3179 4795 3320 4856 1820,

775 4892 827 4941 p.
861 4879 907 4929 5.
