3720 5875
1520 585 1865 649 -55-

512 750 756 830 Itaque
794 746 1127 829 ejusmodi
1166 747 1470 827 regiones
1511 745 1594 811 ad
1635 746 1935 812 studium
1976 749 2394 829 propositum
2433 774 2673 830 parum
2714 754 2962 822 valent.

425 856 559 923 Eas
593 878 752 921 vero
787 855 1004 936 magis
1039 855 1218 935 juste
1257 853 1440 920 dicas
1475 855 1856 934 provincias
1895 856 2253 922 naturales,

511 963 923 1029 Profitemur
963 985 1071 1028 eas
1112 967 1381 1027 tamtum
1425 961 1509 1026 ad
1553 962 2092 1042 investigandam
2137 965 2601 1032 multitudinis
2644 966 2963 1034 distribu-

425 1070 677 1135 tionem
707 1071 931 1134 valere
960 1070 1287 1149 regiones,
1319 1092 1509 1150 quae,
1539 1093 1661 1150 per
1689 1071 2015 1150 exiguum
2047 1073 2341 1152 spatium
2373 1080 2699 1154 patentes,
2732 1083 2962 1142 exacte

428 1177 662 1242 finitae
715 1182 891 1253 sunt,
944 1181 1011 1241 et
1063 1176 1310 1256 quibus
1362 1177 1589 1254 etiam,
1646 1178 1716 1241 in
1768 1178 1996 1258 regnis
2046 1180 2188 1260 jam
2243 1187 2399 1245 ante
2452 1182 2702 1248 multos
2752 1206 2964 1249 annos

426 1283 841 1361 florentibus,
874 1284 1217 1365 peculiara
1251 1285 1531 1349 nomina
1562 1284 2002 1364 agricultores
2033 1286 2242 1366 vulgo
2275 1285 2495 1352 dicere
2531 1288 2762 1353 solent.

515 1389 643 1455 Sed
683 1413 863 1455 nunc
905 1390 1112 1455 etiam
1155 1392 1400 1455 clarius
1442 1413 1586 1455 rem
1625 1392 1964 1473 explicare
2005 1416 2269 1461 necesse
2311 1400 2427 1460 est.
2472 1396 2572 1462 Ut
2613 1420 2696 1461 ex
2737 1419 2963 1462 recen-

423 1499 687 1563 tissimo
722 1496 944 1563 studio
980 1496 1061 1563 de
1095 1498 1298 1578 plaga
1334 1497 1511 1562 dicta
1551 1525 1579 1560 α
1626 1498 1960 1578 Bassigny
2000 1526 2029 1562 ι
2076 1501 2442 1580 comperire
2480 1502 2639 1568 licet
2666 1504 2711 1580 ¹,
2750 1505 2964 1588 notio-

426 1604 625 1669 nibus
661 1602 840 1684 apud
874 1602 1225 1669 historicos
1262 1604 1530 1669 usitatis
1570 1605 1786 1671 multo
1822 1604 2173 1671 difficilior
2208 1607 2449 1672 effecta
2484 1614 2580 1673 est
2618 1609 2971 1690 inquisitio

426 1711 780 1791 regionum
807 1710 1242 1776 naturalium.
1275 1712 1626 1790 Nonnulli,
1655 1713 1806 1789 rati,
1834 1718 1902 1777 et
1927 1712 2199 1793 quidem
2227 1737 2362 1779 non
2389 1716 2749 1794 immerito,
2779 1739 2965 1782 areas

425 1817 926 1898 provinciarum
964 1840 1135 1898 quae
1172 1817 1507 1899 prioribus
1544 1820 1960 1899 temporibus
2001 1848 2028 1881 α
2076 1822 2235 1901 pagi
2280 1848 2307 1883 n
2348 1820 2770 1901 dicebantur,
2810 1847 2964 1889 cum

428 1925 598 1988 areis
640 1925 994 2006 regionum
1035 1925 1453 1989 naturalium
1499 1948 1693 2005 saepe
1737 1949 2125 2006 congruere,
2171 1925 2446 1992 adducti
2489 1934 2648 1993 sunt
2689 1929 2774 1994 ad
2819 1929 2968 1995 doc-

425 2031 675 2095 trinam
718 2053 851 2111 qua
892 2031 1097 2095 nimis
1139 2032 1355 2096 multa
1400 2032 1522 2096 sub
1565 2054 1770 2096 unam
1815 2032 2035 2112 legem
2078 2032 2487 2114 subjungere
2532 2035 2980 2101 contendunt.-

512 2137 792 2218 Oportet
817 2139 1031 2217 igitur
1056 2139 1415 2218 separatim
1444 2137 1950 2204 discriminibus
1979 2139 2278 2218 digerere
2305 2141 2465 2205 hinc
2493 2143 2771 2208 nomina
2795 2166 2966 2223 quae

426 2267 467 2307 a
525 2243 960 2323 scriptoribus
1019 2267 1243 2308 rerum
1304 2245 1736 2325 politicarum
1798 2252 1865 2310 et
1924 2247 2396 2312 historicarum
2459 2250 2730 2325 usitata,
2791 2249 2964 2314 forte

429 2349 717 2432 quadam
758 2356 875 2416 aut
915 2374 998 2415 ex
1037 2350 1324 2416 libidine
1363 2352 1628 2432 prolazta
1670 2360 1827 2418 sunt
1868 2354 2132 2434 saepius
2175 2356 2247 2419 in
2287 2356 2433 2420 loca
2473 2356 2688 2421 multo
2730 2361 2963 2437 paten-

424 2458 633 2533 tiora;
675 2458 869 2523 illinc
909 2458 1188 2523 nomina
1228 2459 1472 2539 quibus
1512 2461 1617 2523 uti
1660 2460 1826 2526 solet
1864 2461 2128 2540 vulgus.
2176 2460 2355 2536 Quid
2395 2462 2502 2527 his
2546 2463 2967 2542 significetur

425 2563 831 2645 jampridem
904 2563 1155 2630 excidit
1229 2564 1309 2630 de
1381 2566 1724 2641 memoria,
1797 2566 2017 2631 fateor
2056 2591 2070 2643 ;
2146 2566 2259 2632 sed
2333 2567 2777 2634 nihilominus
2852 2593 2968 2634 no-

426 2677 663 2735 tantur
701 2671 1003 2751 regiones
1046 2677 1278 2736 exacte
1320 2677 1564 2736 natura
1605 2671 1944 2749 definitae,
1984 2674 2094 2738 vel
2135 2673 2354 2751 hodie,
2396 2677 2504 2741 vel
2545 2676 2753 2754 prius,
2799 2699 2965 2757 quas

427 2778 757 2856 sagaciter
801 2777 1201 2856 agnoscebat
1242 2778 1434 2858 plebs
1477 2779 1643 2859 ipsa,
1686 2785 2015 2860 tanquam
2061 2780 2117 2845 si
2164 2781 2488 2846 instincta
2531 2788 2701 2847 esset
2743 2790 2968 2848 mente

426 2884 635 2949 simili
671 2884 1118 2966 geographiae
1154 2891 1220 2950 et
1255 2885 1598 2966 geologiae
1635 2886 2091 2967 scriptoribus.

513 2993 713 3056 Patet
749 2991 1209 3072 geographum
1248 3016 1714 3057 concessurum
1755 3018 1893 3058 esse
1933 2995 2004 3058 in
2042 2994 2215 3058 hanc
2252 2995 2440 3060 verbi
2481 2996 2965 3075 definitionem,

427 3100 482 3162 si
520 3098 717 3165 modo
758 3098 1303 3164 distributionem
1346 3099 1808 3166 multitudinis
1850 3099 2176 3181 indagare
2215 3101 2412 3167 volet.

853 3460 882 3539 ἕ
918 3463 977 3525 2.
1017 3459 1206 3525 —De
1250 3460 1635 3541 reyionib-us
1675 3461 2103 3527 naturalibus
2148 3461 2530 3526 Valachiae.

511 3743 599 3808 In
646 3743 974 3808 Valachia
1019 3765 1236 3824 pauca
1282 3753 1438 3811 sunt
1485 3744 1764 3809 nomina
1810 3744 2057 3825 quibus
2105 3745 2412 3826 regiones
2459 3746 2802 3812 naturales
2851 3772 2966 3815 no-

423 3857 671 3917 tentur.

511 3958 814 4023 Maxime
843 3956 1116 4039 quidem
1151 3958 1527 4038 conspicuis
1558 3957 1962 4025 differentiis
1996 3981 2130 4023 non
2164 3965 2335 4039 eget,
2365 3978 2601 4025 verum
2633 3961 2963 4041 plurimas

427 4072 494 4129 et
541 4064 898 4145 paululum
951 4063 1310 4130 dissimiles
1359 4065 1615 4146 plagaS,
1666 4071 1745 4129 ut
1797 4066 1867 4129 in
1919 4065 2273 4146 provincia
2320 4068 2618 4132 naturali
2669 4067 2962 4134 Franco-

427 4172 694 4237 Galliae
728 4194 898 4251 quae
935 4170 1186 4235 dicitur
1221 4198 1249 4233 α
1295 4172 1535 4235 Bassin
1575 4170 1654 4236 de
1689 4173 1885 4237 Paris
1926 4199 1954 4234 ι
2000 4196 2132 4238 non
2170 4173 2464 4253 praebet.
2505 4174 2702 4238 Nihil
2737 4175 2964 4241 minus

424 4279 759 4342 variatum
803 4284 901 4341 est
940 4300 1144 4358 quam
1185 4300 1462 4357 campus
1501 4277 1928 4342 Valacbicus,
1972 4278 2189 4358 Regio
2230 4280 2376 4359 ipsa
2418 4280 2694 4345 collium
2737 4304 2962 4362 aspec-

420 4384 605 4449 tibus
638 4407 877 4465 parum
912 4382 1378 4448 discriminata
1406 4383 1697 4460 videtur,
1730 4392 1806 4449 ut
1840 4407 2010 4465 quae
2045 4386 2273 4450 stratis
2306 4386 2685 4466 argillaceis
2719 4395 2788 4453 et
2821 4411 2963 4453 are-

423 4493 601 4556 nosis
639 4492 932 4555 formata
969 4492 1074 4556 sit.

509 4595 700 4661 Adde
732 4596 909 4678 quod
939 4595 1270 4661 Valachia
1299 4618 1435 4661 non
1469 4596 1566 4660 ita
1597 4595 1859 4676 pridem
1892 4595 1977 4661 ad
2008 4596 2503 4664 humanitatem
2537 4599 2811 4664 exculta
2841 4605 2958 4665 est.

486 4797 531 4849 1.
567 4796 815 4850 GALLots.
844 4798 915 4850 Le
942 4798 1235 4861 Bassigny.
1264 4799 1437 4851 Etude
1464 4798 1593 4849 d'un
1619 4810 1751 4849 nom
1780 4798 1847 4849 de
1874 4811 2030 4861 pays.
2062 4798 2204 4848 Arm.
2234 4800 2286 4849 d.
2321 4799 2534 4862 θέωσι,
2561 4798 2701 4861 1902,
2728 4812 2820 4864 pp.
2849 4800 2961 4852 115-

324 4864 328 4871 ’
421 4870 526 4923 122.
