3720 5875
1830 573 2174 636 -38-

732 731 983 797 raudus
1032 737 1132 796 est
1179 737 1246 797 et
1295 729 1680 796 Gorckeius.
1735 731 1822 795 In
1873 754 2067 812 opere
2119 732 2300 796 enim
2350 729 2527 812 quod
2576 729 2971 795 inscribitur
3023 756 3051 789 α
3086 728 3279 793 Neue

734 839 1051 920 Beitrage
1099 827 1216 901 zur
1265 837 1891 918 Siedelungskunde
1940 837 2053 901 des
2101 836 2516 901 Mansfelder
2563 836 2687 901 See
2733 835 2874 900 und
2924 834 3035 901 des
3088 835 3277 900 Saal-

733 945 983 1008 kreises
1006 945 1052 1022 ¹,
1088 969 1118 1005 »
1176 943 1441 1008 tabulas
1503 946 1867 1007 stat-isticas
1927 945 2271 1020 instruxit,
2335 945 2578 1025 quibus
2640 943 3019 1009 ostenditur
3072 965 3278 1023 quam

732 1051 935 1113 multi
967 1051 1098 1114 vici
1132 1055 1409 1114 teneant
1440 1051 1656 1114 solum
1687 1073 1824 1115 una
1856 1057 1924 1114 et
1957 1049 2189 1115 eadem
2219 1055 2460 1115 natura
2496 1050 2842 1131 geologica
2875 1048 3277 1130 praeditum,

734 1178 937 1236 quam
973 1156 1175 1219 multi
1212 1157 1349 1220 sint
1381 1156 1579 1235 juxta
1614 1157 1780 1220 fines
1817 1156 2105 1221 duarum
2142 1157 2496 1236 regionum
2530 1158 2640 1221 vel
2673 1158 2882 1221 trium
2921 1158 3274 1236 regionum

734 1262 1080 1343 geologica
1110 1268 1355 1326 natura
1390 1269 1649 1327 crustae
1685 1262 2165 1329 differentium.

821 1368 1137 1433 Tentavit
1172 1369 1377 1432 etiam
1412 1375 1796 1449 computare
1829 1374 2091 1449 partem
2125 1369 2417 1449 regionis
2453 1391 2621 1449 quae
2657 1391 2916 1449 quaque
2952 1368 3279 1448 peculiari

737 1475 859 1539 soli
889 1475 1228 1556 geologica
1256 1480 1499 1539 natura
1526 1477 1883 1556 conspicua
1910 1482 2028 1550 est,
2059 1482 2125 1540 et
2152 1482 2409 1556 partem
2437 1477 2701 1540 numeri
2730 1476 2937 1540 totius
2966 1475 3281 1539 habitan-

734 1583 912 1646 tium
968 1605 1139 1662 quae
1197 1583 1438 1661 cuique
1498 1583 1880 1661 geologicae
1935 1582 2176 1661 plagae
2231 1581 2664 1646 attribuenda
2715 1588 2831 1649 est.
2892 1581 3282 1645 Incolarum

739 1689 1000 1769 copiam
1026 1688 1264 1752 utilius
1290 1690 1809 1769 computavisset
1835 1689 1849 1752 1
1879 1690 2132 1753 Verum
2161 1690 2243 1753 ab
2272 1691 2537 1770 incepto
2564 1688 2880 1770 depulsus
2909 1696 3006 1754 est
3032 1689 3280 1753 timens

739 1817 824 1859 ne
868 1818 1105 1875 parum
1154 1794 1235 1858 ad
1282 1796 1636 1860 veritatem
1681 1795 2176 1860 accommodata
2223 1819 2300 1860 eo
2345 1796 2542 1860 modo
2587 1795 2828 1860 ederet.
2879 1794 2985 1858 Ne
3031 1794 3282 1874 tabulis

738 1901 1011 1981 quidem
1048 1903 1515 1982 geographicis
1551 1925 1692 1968 rem
1729 1903 2103 1982 exprimere
2140 1903 2450 1967 tentavit.

828 2007 935 2071 Ex
972 2007 1080 2073 his
1120 2008 1798 2073 commentationibus
1838 2015 2099 2075 constat
2138 2008 2437 2073 nondum
2482 2009 2826 2072 inventam
2867 2031 3005 2072 esse
3047 2013 3282 2083 artem,

742 2137 874 2195 qua
906 2113 1295 2178 ostendatur
1324 2114 1575 2180 tabulis
1609 2114 2076 2194 geographicis
2109 2113 2271 2193 quid
2305 2113 2388 2177 ad
2421 2114 2750 2177 rationem
2785 2112 3286 2177 distribuendae

741 2220 1208 2284 multitudinis
1244 2220 1546 2284 conferat
1579 2220 1924 2300 geologica
1958 2225 2216 2284 crustae
2251 2227 2512 2285 natura.
2551 2220 2784 2299 Neque
2820 2220 3029 2283 etiam
3061 2220 3132 2296 ii,
3169 2221 3284 2299 qui

744 2327 1040 2390 maxime
1069 2327 1140 2390 in
1164 2325 1290 2390 hoo
1316 2325 1615 2390 studium
1645 2326 2121 2402 incubuerunt,
2148 2324 2647 2402 difficultatem,
2675 2333 2752 2390 ut
2778 2324 3065 2404 videtur,
3094 2347 3286 2405 supe-

744 2434 882 2496 rari
913 2455 1101 2513 posse
1138 2432 1573 2496 arbitrantur.

832 2539 1022 2603 Duae
1056 2561 1283 2603 revera
1314 2539 1461 2602 viae
1492 2543 1728 2618 patent
1758 2537 1843 2601 ad
1876 2537 2128 2602 nodum
2159 2537 2671 2618 expediendum.
2708 2538 2848 2603 Ubi
2881 2541 2953 2604 in
2987 2539 3289 2603 animum

749 2645 1082 2709 induxisti
1133 2645 1523 2708 summatim
1572 2649 1841 2709 tantum
1895 2650 2390 2723 repraesentare
2441 2650 2769 2723 quatenus
2823 2644 3077 2708 incolae
3128 2666 3291 2723 pen-

747 2750 953 2814 deant
987 2773 1070 2814 ex
1105 2750 1229 2814 soli
1263 2755 1526 2826 natura,
1565 2773 1698 2812 non
1733 2751 1874 2829 jam
1910 2751 2370 2815 habitantium
2405 2751 2594 2830 copia
2631 2752 2701 2813 in
2742 2751 2912 2813 areis
2949 2750 3291 2830 geologica

748 2857 1009 2919 ratione
1033 2861 1264 2920 exacte
1290 2855 1503 2920 finitis
1531 2854 1986 2936 computanda
2007 2863 2127 2934 est,
2155 2855 2267 2920 sed
2297 2856 2367 2919 in
2396 2857 2784 2935 regionibus
2811 2857 3290 2936 praebentibus

751 2962 1120 3043 complures
1155 2968 1364 3026 terras
1395 2963 1735 3027 variorum
1770 2985 2112 3041 generum,
2149 2985 2319 3043 quae
2352 2964 2737 3027 hominibus
2773 2965 3057 3028 offerant
3088 2986 3292 3027 unam

750 3068 1026 3133 vivendi
1048 3068 1526 3133 condicionem.
1556 3070 1665 3133 Sic
1688 3069 2036 3133 adduce-ris
2061 3069 2140 3132 ad
2169 3068 2578 3149 sequendum
2604 3070 3016 3149 principium
3042 3091 3078 3133 a
3101 3070 3295 3133 nobis

751 3174 1202 3256 propositum:
1233 3175 1603 3239 incolarum
1632 3175 1893 3255 copiam
1921 3178 1991 3239 in
2020 3175 2408 3254 regionibus
2437 3174 2860 3239 naturalibus
2889 3181 3292 3255 computare.

842 3281 914 3346 Si
962 3284 1188 3344 autem
1237 3281 1463 3346 omnia
1512 3280 1920 3359 singillatim
1967 3281 2249 3344 scrutari
2299 3280 2610 3357 volueris,
2662 3286 2730 3344 et
2777 3282 2861 3346 ad
2913 3280 3298 3360 exemplum

755 3386 1040 3452 Gorckei
1115 3387 1466 3467 exquirere
1541 3408 1673 3465 qua
1748 3386 2009 3449 ratione
2084 3387 2156 3449 in
2231 3407 2654 3466 quacumque
2728 3392 2923 3465 parte
2989 3385 3296 3450 homines

755 3493 1109 3574 glomerati
1134 3494 1292 3569 sint,
1318 3492 1618 3557 tabulam
1642 3493 1988 3557 meliorem
2009 3514 2141 3556 non
2168 3493 2415 3572 poteris
2439 3493 2774 3572 praebere,
2801 3514 3004 3571 quam
3026 3491 3296 3555 tabulae

755 3598 1316 3678 chorographicae
1384 3599 1640 3677 majore
1705 3597 1976 3662 modulo
2045 3596 2436 3677 descriptae,
2506 3599 2579 3661 in
2646 3597 2891 3677 quibus
2955 3598 3300 3679 geologica

696 3727 715 3737 ··
755 3710 1017 3771 crustae
1051 3711 1295 3769 natura
1329 3704 1661 3770 coloribus
1695 3709 1988 3781 notatur,
2023 3710 2101 3767 ut
2135 3711 2293 3769 sunt
2324 3703 2597 3768 tabulae
2631 3702 2903 3768 modulo
2944 3704 2977 3767 1
3013 3728 3026 3767 :
3064 3703 3300 3768 80.000

756 3811 830 3875 in
871 3809 1398 3876 Franco-Gallia
1439 3808 1657 3874 editae
1701 3832 1897 3889 opere
1941 3815 2007 3873 et
2049 3831 2208 3873 cura
2252 3809 2485 3874 Officii
2526 3809 2690 3874 dicti
2735 3836 2763 3869 α
2801 3809 3071 3874 Service
3109 3808 3191 3873 de
3235 3810 3302 3873 la

758 3916 956 3981 Carte
987 3916 1382 3996 geologique
1415 3914 1497 3979 de
1529 3915 1807 3979 France.
1839 3940 1870 3976 ι

843 4290 1136 4372 Fingere
1159 4313 1511 4373 possumus
1534 4314 1736 4356 novas
1760 4297 1934 4356 artes
1956 4293 2200 4372 quibus
2224 4291 2716 4358 demonstretur
2736 4292 2899 4373 quid
2921 4292 3005 4358 ad
3025 4291 3299 4358 modum

760 4397 1265 4464 distribuendae
1293 4398 1756 4463 multitudinis
1786 4399 2140 4465 conferant
2164 4400 2442 4479 physica
2468 4400 2948 4479 phaenomena.

847 4505 934 4568 In
957 4503 1306 4570 nonnullis
1330 4504 1718 4584 regionibus
1744 4506 1977 4583 magni
2001 4507 2324 4571 momenti
2351 4510 2451 4568 est
2477 4505 2800 4570 imbrium
2823 4506 3031 4585 copia.
3062 4505 3302 4569 Ratze-

822 4694 868 4744 1.
905 4693 1042 4744 Mitt.
1076 4693 1127 4743 cl.
1161 4692 1283 4742 Ver.
1313 4691 1352 4755 t.
1386 4693 1549 4743 Erdle.
1584 4705 1647 4743 zu
1678 4692 1835 4745 Halle
1868 4707 1919 4745 a.
1951 4694 2029 4754 S„
2061 4694 2199 4753 1891,
2231 4706 2322 4757 pp.
2354 4694 2512 4754 43-91‚
2545 4693 2614 4745 cf.
2647 4694 2758 4744 Zur
2785 4692 3302 4755 Siedelungskunde

760 4767 1227 4894 ‹lie-sffsblgxoreises
1250 4767 1365 4819 und
1390 4767 1728 4819 Mansrelder
1752 4768 2067 4819 Seekreises
2096 4767 2244 4828 ibid„
2269 4768 2408 4827 1889,
2436 4780 2527 4830 pp.
2554 4768 2666 4818 1-53
2691 4780 2819 4819 cum
2847 4768 3046 4819 tabulis
3073 4767 3301 4818 modulo
