3720 5875
1409 1141 1819 1225 CAPUT
1939 1139 2562 1240 QUARTUM

716 1398 1052 1467 Quomodo
1102 1397 1655 1461 distributionem
1708 1396 2079 1460 incolarum
2131 1399 2462 1480 graphide
2512 1399 2714 1463 liceat
2763 1397 3253 1470 demonstrare,

1460 1504 1642 1567 omni
1685 1505 2188 1584 computatione
2230 1507 2504 1570 omissa.

803 1985 1051 2048 Omnes
1086 1984 1228 2047 fere
1264 1991 1438 2049 artes
1472 1986 2030 2066 perlustravimus
2069 1987 2312 2067 quibus
2351 1988 2726 2051 incolarum
2765 1987 2954 2066 eopia
2994 2008 3254 2065 reprae-

718 2097 1042 2168 sentatur,
1078 2114 1293 2171 neque
1328 2093 1473 2156 ulla
1508 2093 1699 2157 nobis
1736 2094 2033 2172 perfecta
2071 2101 2135 2157 et
2172 2093 2477 2158 absoluta
2513 2095 2654 2156 visa
2691 2102 2809 2170 est,
2847 2094 2973 2156 etsi
3009 2093 3260 2156 eximia

716 2197 1013 2262 sollertia
1050 2199 1373 2278 praeclari
1413 2201 1689 2263 effeetus
1727 2199 2192 2268 commendare
2227 2199 2649 2265 videbantur.
2692 2199 2869 2273 Quid
2907 2199 3256 2280 superest?

720 2304 923 2369 Notio
964 2326 1137 2384 quae
1177 2304 1430 2368 dieitur
1470 2306 1843 2370 incolarum
1891 2308 2083 2386 eopia
2123 2306 2513 2387 rejicienda,
2558 2305 3041 2385 methodusque
3084 2327 3256 2369 nova

716 2409 1216 2475 demonstrandi
1250 2412 1597 2475 hominum
1636 2411 2181 2476 distributionem
2217 2412 2680 2492 excogita-uda.

804 2517 1276 2583 Scrutantibus
1313 2520 1454 2598 jam
1493 2525 1672 2582 artes
1708 2519 1928 2583 adhue
1969 2521 2251 2584 usitatas
2291 2520 2581 2584 occurrit
2623 2519 2981 2594 conc-lusio,
3023 2541 3254 2597 expos-

718 2624 936 2687 tulata
989 2647 1108 2689 nos
1159 2632 1574 2692 assecuturos
1628 2648 1763 2690 esse
1816 2649 1951 2689 11011
2000 2627 2142 2705 jam
2196 2623 2671 2688 adumbrantes
2727 2648 2859 2688 11110
2912 2631 2976 2687 et
3030 2622 3258 2688 eodem

717 2730 934 2794 colore
979 2753 1163 2796 areas
1208 2754 1493 2810 quarum
1544 2732 1916 2796 incolarum
1963 2734 2150 2810 copia
2198 2738 2642 2810 computetur,
2690 2740 2754 2796 et
2801 2732 3258 2809 significantes

717 2841 951 2898 exacte
1001 2835 1229 2899 omnia
1277 2837 1419 2900 loca
1471 2836 1585 2899 ubi
1642 2837 1947 2901 homines
2001 2837 2481 2916 glomerantur,
2534 2837 2642 2900 vel
2695 2837 2899 2900 etiam
2955 2835 3257 2916 singulas

718 2940 963 3007 domos,

805 3049 953 3112 Hoc
988 3049 1129 3128 jam
1170 3048 1746 3114 animadvertebat
1788 3050 2152 3123 Ratzeliu8‚
2195 3072 2348 3113 011111
2389 3050 2722 3113 scribebat
2769 3075 2781 3113 :
2829 3077 2857 3110 α
2893 3050 3030 3113 Das
3070 3048 3261 3112 Ideal

718 3154 903 3218 einer
936 3154 1841 3235 anthropogeographisehen
1877 3155 2569 3235 Beviilkerungskarte
2602 3154 2831 3221 wiirde
2863 3157 3012 3220 eine
3048 3156 3258 3220 Karte

717 3259 887 3323 aller
928 3260 1411 3325 Wohnstatten
1455 3263 1597 3326 sein
1640 3263 1815 3326 nach
1859 3261 2042 3326 ihrer
2085 3262 2740 3342 Bevolkerungszahl
2785 3263 3170 3341 abgestufft.
3219 3287 3249 3323 ι

802 3366 1232 3447 Principium
1267 3389 1422 3432 vero
1457 3371 2036 3447 praestantissime
2069 3370 2438 3435 illustravit
2474 3369 2900 3434 Busehikius.
2937 3368 3046 3433 Ad
3080 3366 3258 3448 quod

715 3471 969 3537 talibus
1007 3472 1530 3553 cogitationibus
1568 3466 1895 3539 deduc-tus
1933 3482 2032 3539 est
2076 3499 2088 3539 :
2134 3502 2162 3536 ι(
2209 3476 2436 3540 Wenn
2476 3482 2573 3539 est
2612 3476 2757 3539 klar
2796 3476 2882 3540 ist
2919 3474 3069 3539 dass
3109 3476 3280 3538 eine·

717 3581 922 3643 Karte
980 3578 1096 3642 der
1159 3579 2068 3659 Bevolkerungsdichtigkeit
2132 3604 2262 3644 nur
2325 3581 2641 3660 gewinnt,
2704 3582 2770 3661 je
2833 3581 3090 3644 kleiner
3154 3580 3260 3645 die

718 3684 1074 3750 Elemente
1112 3685 1263 3750 sind
1303 3709 1421 3750 aus
1463 3685 1677 3751 denen
1720 3689 1813 3752 sie
1855 3687 1999 3751 sich
2038 3687 2345 3762 aufbaut,
2386 3710 2639 3751 warum
2682 3688 2838 3752 thut
2877 3710 3038 3751 man
3080 3687 3256 3753 deun

716 3792 911 3859 nieht
953 3790 1073 3856 der
1116 3793 1313 3857 letzte
1360 3793 1636 3869 Schritt,
1685 3791 1910 3856 indem
1955 3815 2114 3861 man
2159 3816 2240 3856 zu
2287 3792 2417 3856 den
2463 3792 2965 3871 Wohnpliitzen
3010 3792 3254 3856 herun-

716 3899 1025 3977 tersteigt
1070 3897 1208 3962 und
1257 3897 1364 3961 die
1412 3898 1763 3962 Elemente
1811 3898 1928 3961 der
1975 3899 2668 3979 Bevtilkerungskarte
2714 3901 3116 3963 verwertet?
3166 3899 3256 3963 Es

718 4006 805 4070 ist
841 4003 1007 4068 doch
1046 4005 1233 4069 rec-ht
1271 4012 1734 4084 naturgemiiss
1772 4004 1881 4068 die
1919 4005 2390 4084 Beviilkerung
2425 4005 2507 4068 da
2548 4005 2994 4069 darzustellen
3031 4029 3129 4069 wo
3167 4006 3259 4068 sie

720 4111 790 4174 in
822 4109 1303 4174 Wirklichkeit
1333 4110 1721 4175 vorhanden
1756 4111 1862 4187 ist,
1896 4111 2246 4176 nahmlieh
2281 4113 2349 4175 in
2384 4111 2579 4175 ihren
2611 4110 3109 4192 Wohnpliitzen
3137 4112 3181 4175 ¹.
3220 4138 3249 4172 ι

805 4215 907 4279 Ea
958 4216 1171 4297 igitur
1222 4224 1366 4281 arte
1416 4240 1575 4283 usus
1629 4217 1975 4282 contendit
2027 4239 2234 4281 unam
2290 4217 2811 4299 geographicam
2864 4216 3255 4282 methodum

717 4323 1201 4403 excogitavisse
1232 4322 1732 4388 demonstrandi
1766 4323 2311 4388 distributionem
2347 4324 2805 4387 habitantium
2851 4347 2865 4397 ;
2900 4346 3260 4402 omnesque

718 4435 919 4494 antea
954 4430 1302 4494 institutas
1337 4430 1603 4495 tabulas
1641 4428 1726 4494 ad
1765 4431 2167 4494 statisticam
2208 4430 2500 4496 indolem
2541 4429 2906 4509 descriptas
2946 4428 3131 4495 dicit.

804 4537 981 4601 Ante
1038 4535 1481 4601 Busohikium
1535 4536 2029 4602 Petermannus
2080 4537 2222 4616 jam
2278 4542 2420 4601 arte
2476 4534 2705 4600 eadem
2760 4558 2920 4600 usus
2977 4544 3118 4600 erat
3175 4535 3256 4599 ad

777 4712 824 4762 1.
862 4713 922 4763 R.
958 4713 1235 4762 13150111οκ
1288 4712 1384 4761 Die
1418 4711 1822 4775 Abhfingigkeit
1857 4714 1956 4763 der
1989 4713 2415 4762 verschiedenen
2453 4711 3258 4773 Bevolkerungsdichtigkei[en

718 4788 815 4838 des
864 4788 924 4837 K.
975 4787 1254 4837 Sachsens
1300 4799 1410 4836 von
1459 4788 1565 4837 den
1614 4789 2088 4848 geswaphischen
2140 4786 2556 4847 Bedingungen.
2621 4783 3226 4843 Ηίκις.1·(’1·.(Ι.ῑέν.ί.

716 4860 880 4911 Erdk.
911 4861 1147 4924 Leipzig,
1179 4862 1242 4920 ΙΙ,
1274 4860 1410 4920 1895,
1440 4873 1529 4923 pp.
1566 4862 1690 4920 1-(31,
1721 4874 1847 4911 eum
1883 4861 2055 4910 tribus
2088 4860 2303 4910 tabulis.
