3720 5875
1809 598 2155 664 -58-

800 760 1123 827 Attamen
1180 762 1234 826 si
1289 760 1487 826 modo
1537 764 1789 825 terram
1843 760 2045 841 plane
2098 760 2385 837 noveris,
2440 758 2675 825 licebit
2731 758 2995 840 saepius
3050 783 3252 841 quam

717 870 1046 951 sperabas,
1074 869 1445 934 utilitatem
1475 869 1775 950 aliquam
1804 891 1889 931 ex
1913 891 2041 933 usu
2069 867 2368 932 methodi
2398 869 2545 948 ejus
2572 868 2857 932 trahere.
2891 867 3043 933 Sint
3072 868 3254 931 enim

716 977 942 1042 omnia
972 978 1199 1058 pejore
1229 977 1375 1042 loco
1404 977 1475 1041 in
1507 974 1926 1041 delineandis
1957 976 2252 1055 regionis
2283 975 2613 1040 naturalis
2644 974 2914 1052 finibu8‚
2949 981 3016 1038 et
3047 975 3259 1039 coacti

716 1086 926 1150 simus
968 1085 1074 1149 uti
1115 1084 1426 1151 terminis
1470 1084 1855 1165 provinciae
1904 1081 2306 1164 cujusdam}
2340 1083 2575 1148 saltem
2621 1082 3029 1148 formabitur
3073 1081 3261 1163 regio

716 1196 826 1258 cui
863 1216 984 1274 per
1015 1199 1235 1257 totum
1273 1193 1565 1272 spatium
1605 1215 1740 1256 una
1777 1191 2141 1272 eademque
2180 1199 2280 1256 est
2315 1197 2578 1255 natura.
2621 1190 2900 1271 Saepius
2940 1212 3256 1270 agnosces

716 1301 1022 1381 regiones
1060 1300 1275 1364 multo
1317 1300 1620 1364 exactius
1661 1298 2028 1363 delimitari
2068 1322 2258 1379 posse
2299 1321 2500 1379 quam
2545 1297 2874 1378 sperabas,
2919 1298 3256 1377 etiamque

716 1408 923 1488 vulgo
946 1415 1258 1488 pernotos
1284 1431 1422 1472 esse
1449 1408 1614 1472 fines
1638 1430 1828 1472 veros
1855 1430 2106 1472 earum.

805 1514 892 1580 In
912 1514 1243 1579 Valachia
1264 1513 1557 1595 quidem,
1580 1519 1827 1578 natura
1848 1516 1998 1594 ipsa
2017 1514 2178 1579 satis
2202 1513 2378 1576 clare
2402 1513 2663 1578 notavit
2684 1512 2850 1577 fines
2873 1511 3256 1592 aliquarum

718 1622 1072 1701 regionum
1108 1620 1545 1685 naturalium.
1583 1620 1994 1699 Exemplum
2031 1621 2410 1700 proferetur
2445 1642 2610 1684 zona
2644 1619 2828 1684 dicta
2861 1645 2892 1680 α
2939 1618 3112 1684 Zone
3145 1617 3259 1683 des

716 1727 1137 1808 depressions
1188 1725 1763 1807 subkarpatiques‚
1816 1753 1845 1788 ι
1900 1726 2231 1806 peculiari
2280 1727 2540 1791 ratione
2591 1724 3056 1804 altitudinum,
3109 1747 3257 1805 geo-

720 1834 943 1915 logica
976 1832 1279 1908 historia,
1319 1834 1611 1898 climatis
1648 1856 2113 1913 aquarumque
2148 1838 2395 1897 natura
2428 1835 2790 1913 praecipue
2829 1834 3190 1912 conspicua
3213 1834 3258 1896 ¹.

724 1940 989 2005 Deinde
1041 1939 1429 2006 ostendetur
1478 1941 1683 2021 plaga
1734 1939 1914 2004 dicta
1968 1967 1996 2000 ι
2059 1940 2254 2004 Haut
2305 1941 2577 2019 plateau
2632 1939 2711 2003 de
2765 1938 3167 2018 Mehedinti‚
3221 1964 3253 2000 ι

723 2049 1010 2129 speciem
1043 2047 1369 2128 praebens
1403 2048 1696 2126 regionis
1730 2052 2110 2122 montanae,
2146 2069 2319 2126 quae
2350 2047 2625 2127 rupium
2659 2046 2962 2110 fractura
2996 2043 3268 2125 delapsa
3337 2113 3346 2120 ,

723 2160 824 2219 est
848 2162 913 2219 et
938 2153 1287 2219 demissior
1313 2154 1553 2218 effecta
1579 2159 1696 2230 est,
1724 2176 1957 2217 verum
1987 2154 2272 2218 immitis
2300 2160 2366 2217 et
2391 2153 2780 2217 hominibus
2808 2176 3048 2233 parum
3079 2154 3264 2218 culta

723 2263 1110 2343 permansit.
1156 2261 1431 2326 Constat
1474 2283 1619 2325 eam
1660 2261 1827 2324 fines
1871 2261 2033 2325 satis
2074 2264 2339 2325 exactos
2380 2259 2672 2324 habere:
2720 2259 2975 2324 scilicet
3018 2258 3266 2322 vallem

725 2369 1047 2445 Danubii,
1078 2409 1167 2417 —
1194 2368 1574 2448 jugumque
1609 2368 1884 2432 collium
1922 2372 2148 2431 crusta
2182 2393 2210 2428 α
2242 2366 2551 2430 eocenica
2578 2392 2607 2427 ι
2649 2365 3112 2440 formatorum,
3149 2364 3267 2445 qui

723 2475 807 2540 ab
839 2475 1008 2541 urbe
1039 2476 1211 2539 Ba'ia
1242 2473 1322 2538 de
1356 2474 1605 2538 Arama
1641 2472 1993 2538 meridiem
2026 2479 2288 2554 petunt,
2319 2513 2410 2524 --
2438 2479 2772 2554 postremo
2806 2471 3262 2538 declivitatem

723 2583 1056 2647 montium
1086 2582 1528 2662 Carpatorum
1553 2604 1724 2662 quae
1752 2580 1835 2645 ad
1864 2581 2210 2645 Orientem
2240 2585 2514 2661 spectat,
2542 2580 2900 2644 formatam
2926 2584 3262 2642 terrarum

725 2695 1010 2771 ruptura
1048 2712 1250 2770 quam
1296 2689 1559 2769 geologi
1601 2687 1838 2752 dicunt
1881 2714 1910 2749 «ι
1959 2689 2172 2763 fame,
2219 2715 2248 2750 ι
2300 2687 2741 2767 calcariisque
2783 2688 2961 2751 saxis
3004 2685 3263 2765 conspi-

724 2821 921 2862 cuam
958 2821 999 2860 a
1031 2804 1257 2861 monte
1294 2797 1532 2860 Piatra
1565 2795 1939 2875 Olosanilor
1973 2819 2186 2876 usque
2220 2793 2303 2858 ad
2340 2800 2637 2859 montem
2678 2794 2899 2871 Sulita
2949 2795 2997 2852 ².

810 2905 991 2969 Loca
1030 2911 1254 2969 autem
1298 2900 1585 2968 declivia
1626 2903 1830 2984 juxta
1867 2902 2120 2967 flumen
2165 2901 2380 2980 Arges
2425 2901 2508 2965 ab
2550 2901 2716 2966 urbe
2759 2900 3010 2965 Pitesci
3055 2922 3265 2979 usque

725 3012 808 3077 ad
848 3011 1116 3077 Gaiesci
1156 3016 1450 3088 extensa,
1491 3012 1666 3076 sicut
1705 3017 1769 3075 et
1810 3033 1909 3086 ea,
1949 3008 2030 3073 de
2071 3009 2316 3089 quibus
2354 3010 2493 3088 jam
2537 3007 2974 3072 disseruimus
3015 3030 3185 3087 quae
3227 3030 3267 3070 a

727 3118 966 3182 Mizilu
999 3141 1209 3199 usque
1243 3116 1327 3181 ad
1360 3117 1646 3197 Focsani
1682 3117 1886 3181 finem
1921 3116 2187 3180 faciunt
2221 3115 2497 3179 collium
2533 3121 2756 3179 crusta
2790 3115 3098 3178 tertiaria
3130 3113 3264 3177 for-

725 3233 1083 3303 matorum,
1121 3225 1549 3289 manifestius
1585 3224 1945 3303 planitiem
1984 3221 2422 3302 incipientem
2460 3225 2717 3285 notant.

812 3331 1075 3397 Deinde
1120 3336 1378 3397 montes
1426 3316 1696 3411 Carpati
1746 3328 2218 3394 delimitantur
2265 3329 2426 3393 satis
2474 3332 2705 3392 exacte
2751 3327 2914 3392 locis
2962 3327 3267 3407 abruptis

727 3463 898 3522 quae
942 3463 981 3505 a
1019 3439 1170 3504 vico
1213 3439 1468 3503 Novaci
1513 3459 1723 3517 usque
1768 3434 1852 3500 ad
1896 3436 2131 3500 urbem
2178 3435 2638 3515 Gampullung
2681 3434 3003 3499 continuo
3045 3432 3266 3515 adspi-

728 3549 1019 3612 ciuntur.
1061 3547 1383 3610 Attamen
1419 3542 1772 3609 fatendum
1812 3548 1913 3608 est
1947 3565 2437 3623 nonnunquam
2475 3541 2641 3606 fines
2678 3541 3029 3622 regionum
3069 3545 3266 3604 natu-

727 3654 975 3719 ralium
1008 3675 1143 3716 non
1175 3652 1378 3717 facile
1411 3650 1737 3715 delineari
1769 3672 1981 3731 posse.
2015 3650 2117 3714 Ea
2150 3650 2365 3728 igitur
2396 3648 2735 3729 principia
2767 3648 2980 3712 secuti
3016 3670 3267 3723 sumne,

726 3760 986 3842 quoties
1023 3782 1126 3824 res
1165 3759 1370 3825 dubia
1406 3759 1555 3822 visa
1590 3763 1707 3823 est.

811 3867 897 3930 In
938 3866 1278 3931 montibus
1317 3864 1726 3945 principium
1767 3862 2044 3928 Bfihmii
2085 3863 2293 3927 secuti
2337 3883 2563 3925 sumus
2607 3862 2630 3901 ³
2655 3860 2718 3924 id
2764 3866 2865 3923 est
2905 3858 3268 3925 secundum

726 3972 937 4037 valles
973 3979 1038 4037 et
1071 3971 1300 4038 fauces
1338 3971 1504 4035 fines
1541 3968 2034 4049 descripsimus.

814 4078 900 4142 In
956 4100 1118 4141 zona
1168 4099 1325 4141 vero
1380 4076 1655 4141 collium
1712 4081 1777 4138 et
1830 4096 2242 4154 camporum,
2297 4072 2413 4137 ubi
2468 4072 2749 4153 plurimi
2809 4072 3270 4152 glomerantur

729 4185 1055 4261 homineS,
1102 4206 1382 4264 quorum
1428 4205 1628 4264 opera
1672 4202 2157 4259 nonnunquam
2204 4179 2506 4243 variatur
2549 4177 2903 4260 plagarum
2950 4177 3271 4253 condicio,

789 4410 836 4461 1.
872 4411 936 4461 V.
979 4410 1036 4461 L.
1081 4409 1325 4460 MRAZEC.
1371 4408 1646 4469 Quelques
1688 4416 2011 4466 remarques
2053 4417 2150 4455 sur
2191 4404 2240 4454 le
2283 4415 2446 4453 cours
2489 4403 2586 4453 des
2629 4403 2854 4453 rivieres
2897 4414 2966 4453 en
3011 4402 3272 4453 Valachie

731 4485 852 4537 Bul.
884 4486 1028 4537 MuS.
1068 4485 1211 4535 θέοι.
1249 4485 1400 4541 Bne„
1432 4482 1570 4531 1896.
1603 4509 1666 4518 -
1697 4482 1755 4531 Ε.
1793 4493 1860 4530 DE
1893 4480 2220 4530 MARTONNE.
2257 4478 2365 4529 Sur
2396 4478 2658 4529 l’hisloire
2690 4478 2756 4528 de
2788 4478 2843 4527 la
2873 4478 3049 4528 vallee
3082 4477 3156 4527 du
3186 4478 3272 4527 Jiu

732 4560 834 4611 CR.
863 4560 957 4609 Ac.
988 4558 1097 4619 Sc.‚
1124 4559 1297 4608 PariS.
1326 4558 1465 4607 1899.
1492 4585 1555 4592 —
1581 4557 1691 4607 Sur
1716 4556 1771 4605 la
1798 4555 2098 4605 formation
2127 4554 2223 4604 des
2251 4553 2456 4602 vallees
2484 4553 2536 4602 et
2565 4553 2645 4602 les
2672 4552 3057 4602 mouvements
3086 4551 3159 4601 du
3187 4551 3272 4601 sol

729 4648 799 4686 en
830 4635 1105 4684 Valachie.
1143 4632 1242 4682 CR.
1278 4633 1370 4681 Ac.
1407 4630 1493 4681 Sc.
1526 4631 1665 4682 1901.

795 4722 844 4771 2.
894 4724 952 4774 L.
994 4722 1237 4772 Mnaso.
1282 4719 1392 4769 Sur
1432 4719 1486 4769 la
1528 4718 1776 4781 geologie
1817 4718 1885 4768 de
1927 4718 1979 4766 la
2020 4716 2195 4778 partie
2236 4714 2578 4765 meridonale
2619 4713 2693 4764 du
2736 4713 2882 4764 Haut
2921 4712 3142 4776 plateau
3186 4712 3252 4763 de

731 4796 1045 4856 Mehedinti.
1082 4795 1201 4844 Bul.
1240 4794 1361 4844 Soc.
1400 4793 1451 4842 d.
1489 4804 1563 4842 sc,
1603 4793 1754 4851 Buff„
1789 4791 1926 4842 1896.

793 4884 838 4934 3.
874 4883 1055 4934 Eoum.
1092 4880 1409 4943 Einteilung
1441 4881 1539 4932 der
1571 4879 1836 4942 Ostalpen
1869 4877 2101 4929 Pericles.
2141 4876 2335 4939 (ἵεσαν.
2372 4874 2532 4936 Abla„
2568 4876 2608 4935 1,
2643 4875 2690 4935 3,
2724 4874 2863 4926 1887.
