3720 5875
1216 1097 1625 1181 INDEX
1758 1096 2229 1183 RERUM

1425 1656 1660 1721 PAR-S
1717 1655 2008 1720 PRIOR

449 1793 771 1865 QUOMODO
813 1810 1158 1865 NONNULLI,
1209 1810 1342 1852 CUM
1384 1811 1939 1853 DISTRIBUTIONEM
1981 1811 2354 1855 INCOLARUM
2399 1813 2669 1856 TABULIS
2714 1813 2989 1856 GEOGRA-

521 1916 736 1957 PmcIs
783 1915 1247 1958 DEMONSTRARE
1294 1917 1788 1974 TENTAVISSENT,
1841 1918 2246 1960 PROPOSITUM
2295 1919 2423 1960 NON
2471 1919 2720 1961 OMNINO
2770 1919 2989 1962 IMPLE-

515 2021 770 2063 VERINT.

1381 2166 1659 2225 CAPUT
1709 2166 2057 2226 PRIMUM

917 2307 1000 2362 De
1041 2308 1338 2377 principiis
1379 2312 1429 2363 et
1468 2310 1785 2363 notionibus
1824 2311 1899 2363 ad
1941 2328 2051 2364 rem
2094 2312 2511 2379 pcrtinentibus,

446 2437 476 2509 ἓ
517 2446 560 2495 1.
598 2472 672 2482 -
701 2438 1021 2510 Quomodo
1054 2438 1559 2498 distributionem
1594 2440 1936 2499 incolarum
1970 2441 2386 2513 geographiae
2420 2448 2483 2500 et
2514 2442 2806 2500 scientiae

513 2555 669 2607 quae
696 2535 880 2608 vulgo
910 2560 938 2591 α
973 2536 1343 2609 Statistique
1374 2563 1402 2592 n
1430 2538 1662 2597 dicitur
1690 2534 2023 2610 scriptores
2055 2540 2353 2611 indagare
2380 2541 2806 2599 consueverint
2946 2550 2980 2600 3

452 2633 481 2703 5
520 2641 569 2690 2.
607 2667 682 2677 -—
713 2634 808 2690 De
841 2634 1193 2693 notionibus
1230 2635 1310 2692 ad
1348 2635 1851 2694 distributionem
1889 2636 2230 2695 incolarum
2267 2637 2812 2696 demonstrandam

519 2731 886 2800 excogitatis
1059 2776 2806 2794 ...........................................................................
2952 2746 2987 2796 5

449 2828 479 2899 ἓ
518 2837 567 2885 3.
607 2862 680 2871 —
711 2828 853 2899 Qua
886 2835 1019 2887 arte
1056 2828 1362 2888 illustrari
1397 2830 1639 2901 possint
1672 2831 1954 2890 notiones
1989 2831 2068 2890 ad
2108 2832 2608 2892 distributionem
2648 2835 2809 2892 inco-

520 2925 722 2984 larum
762 2925 1305 2987 demonstrandam
1346 2929 1614 2987 usitatae
1621 2974 2804 2990 ...................................................
2952 2942 2986 2992 8

1303 3106 1585 3166 CAPUT
1644 3107 2120 3169 SECUNDUM

574 3247 847 3315 Quomodo
893 3249 1148 3302 nonnulli
1195 3249 1500 3303 incolarum
1547 3250 1762 3320 copiam
1808 3253 1873 3306 in
1923 3253 2066 3307 areis
2115 3271 2178 3306 em
2224 3256 2383 3322 pacto
2430 3254 2854 3324 circumscriptis

1105 3358 1480 3424 computatam
1535 3357 1904 3412 demonstrare
1959 3360 2309 3415 tentaverint.

444 3485 473 3556 ᾗ
518 3493 563 3542 1.
605 3521 678 3529 -
715 3486 918 3557 Copia
957 3486 1298 3545 incolarum
1340 3488 1404 3545 in
1443 3487 1707 3559 singulis
1744 3490 2085 3560 provinciis
2124 3496 2520 3561 computatur
2528 3535 2796 3547 ............
2913 3500 2978 3549 13

443 3583 473 3654 §
511 3591 561 3640 2.
601 3616 675 3626 ——
709 3583 912 3654 Copia
949 3584 1291 3643 incolarum
1329 3586 1396 3644 in
1431 3586 1595 3645 areis
1629 3587 2015 3657 geometricis
2052 3593 2450 3659 computatur
2456 3633 2795 3646 ...............
2912 3594 2975 3648 17

440 3679 470 3751 ἓ
505 3689 553 3738 3.
588 3714 663 3724 -
694 3679 1001 3740 Stetistici
1033 3683 1339 3754 quomodo
1372 3683 1715 3742 incolarum
1744 3685 1991 3756 copiam
2024 3685 2088 3742 in
2122 3687 2284 3745 areis
2315 3686 2800 3758 circumscriptis

444 3789 452 3796 ·
510 3779 690 3843 lineis
726 3780 1014 3839 flexuosis
1050 3781 1473 3841 demonstrare
1508 3783 1885 3841 tentaverint
1892 3828 2794 3842 .......................................
2912 3794 2976 3844 19

439 3877 469 3948 ἓ
505 3885 556 3934 4.
592 3913 665 3921 -
700 3876 1058 3950 Geographi
1092 3879 1397 3951 quomodo
1434 3880 1778 3939 incolarum
1813 3882 2060 3952 copiam
2095 3883 2279 3954 zonis,
2318 3902 2475 3955 quae
2508 3883 2799 3941 flexuosis

508 3972 691 4032 lineis
738 3975 1340 4048 circumscribuntur,
1393 3977 1817 4037 demonstrare
1858 3980 2241 4038 tentaverint
2245 4025 2795 4037 ........................
2908 3989 2976 4040 22

1350 4155 1628 4215 CAPUT
1678 4156 2062 4217 TERTIUM

569 4295 607 4348 Ι
611 4295 888 4350 molarum
932 4296 1092 4366 copia
1137 4297 1200 4351 in
1242 4299 1386 4352 arc-is
1428 4302 1641 4354 natura
1684 4300 2009 4354 delimitatis
2053 4303 2374 4371 computata
2419 4303 2843 4360 demonstratur.

435 4428 466 4498 ἓ
508 4436 553 4485 1.
591 4462 666 4472 -
699 4428 1055 4487 Incolarum
1090 4429 1272 4500 copia
1310 4430 1375 4489 in
1411 4431 1573 4490 areis
1608 4432 1688 4488 ad
1727 4431 2239 4492 demonstrandas
2274 4433 2547 4493 locorum
2585 4435 2796 4493 altitu-

504 4525 680 4585 dines
708 4526 1036 4586 delineatis
1063 4533 1461 4599 computatur
1467 4573 2791 4589 .........................................................
2905 4540 2974 4590 33

437 4623 467 4695 ἓ
509 4632 558 4682 2.
602 4658 677 4668 -—
715 4625 1069 4684 Incolarum
1114 4626 1298 4698 copia
1336 4626 1403 4685 in
1441 4627 1604 4686 areis
1644 4628 1962 4699 geologica
2000 4629 2115 4687 soli
2155 4636 2387 4688 natura
2426 4629 2794 4688 delimitatis

506 4722 965 4785 demonstratur
1020 4769 2791 4787 ............................................................................
2904 4736 2973 4787 36
