3720 5875
1635 1295 2408 1391 CONCLUSIO

1828 1594 2186 1606 *-

840 1893 1180 1958 Finiimus
1205 1893 1348 1973 jam
1374 1894 1857 1973 perlustrantes
1886 1893 2233 1958 methodos
2260 1894 2631 1974 propositas
2661 1892 2743 1957 ad
2776 1891 3296 1971 significandam

754 1999 1299 2065 distributionem
1358 2000 1836 2065 habitantium.
1897 2000 2168 2074 Quanta
2228 1999 2617 2076 calliditate,
2679 2005 2936 2079 quanta
2993 1997 3302 2062 doctrina

753 2105 1047 2187 praediti
1091 2106 1352 2171 fuerint
1399 2113 1701 2172 auctores
1752 2109 1870 2187 qui
1920 2106 2005 2171 ad
2051 2107 2178 2171 hoc
2227 2106 2527 2171 studium
2577 2129 2646 2171 se
2696 2105 3108 2171 contulerint
3155 2126 3297 2170 non

755 2213 917 2277 satis
964 2211 1166 2291 dicas,
1213 2234 1432 2293 neque
1476 2214 1637 2278 satis
1683 2215 1951 2278 mireris
1997 2237 2199 2294 quam
2245 2215 2466 2277 varias
2515 2219 2690 2277 artes
2738 2211 3292 2292 excogitaverint.

757 2317 1079 2393 Quamvis
1103 2342 1238 2384 non
1263 2342 1490 2384 omnes
1515 2319 1852 2383 ediderint
1876 2342 2078 2399 opera
2100 2318 2311 2398 digna
2332 2342 2504 2399 quae
2528 2319 2776 2384 eisdem
2802 2318 3116 2384 laudibus
3139 2341 3294 2398 pro-

756 2432 1142 2506 sequantur,
1177 2426 1382 2490 utilia
1412 2428 1649 2507 utique
1684 2426 2144 2507 praebuerunt
2177 2427 2575 2506 saepiusque
2609 2425 2806 2491 valde
2843 2424 3169 2490 miranda.

843 2531 1276 2612 Compertum
1307 2538 1535 2597 tamen
1570 2533 1836 2597 nullam
1865 2555 2006 2597 esse
2039 2531 2429 2597 methodum
2466 2554 2635 2611 quae
2671 2555 2807 2597 non
2841 2533 3072 2613 aliqua
3102 2537 3296 2611 parte

758 2638 1232 2719 vituperabilis
1285 2640 1422 2704 fiat.
1481 2640 1760 2720 Oportet
1813 2646 2046 2704 autem
2097 2663 2180 2703 ex
2234 2639 2546 2704 omnibus
2600 2640 2738 2704 illis
2793 2640 3294 2704 commentariis

757 2746 1252 2811 conclusionem
1283 2746 1624 2811 conficere.

844 2957 901 3021 I.
929 2996 1021 3007 —
1047 2957 1417 3022 Probatum
1450 2980 1587 3023 esse
1615 2959 1905 3033 videtur,
1934 2960 2203 3024 tabulas
2233 2962 2489 3040 majore
2520 2959 2790 3024 modulo
2823 2961 3038 3024 multo
3068 2960 3297 3024 minus

756 3062 980 3128 valere
1007 3065 1092 3128 ad
1120 3063 1711 3129 demonstrandum
1740 3065 2014 3130 modum
2047 3065 2548 3130 distribuendae
2577 3065 3059 3143 multitudinis,
3090 3088 3295 3145 quam

756 3170 957 3233 multi
998 3169 1445 3237 crediderunt.
1484 3172 2070 3237 Existimaverunt
2108 3172 2287 3236 enim
2328 3195 2461 3252 quo
2496 3174 2819 3252 majorem
2861 3195 2998 3236 esse
3035 3171 3298 3235 tabula-

759 3298 909 3338 rum
935 3275 1283 3340 modulum
1311 3301 1385 3341 eo
1409 3279 1837 3342 manifestius
1864 3279 2135 3356 singula
2158 3279 2640 3358 repraesentari
2667 3301 2854 3357 posse
2882 3285 2948 3342 et
2973 3279 3299 3358 aptiorem

759 3382 939 3445 effici
974 3382 1299 3447 tabulam.
1339 3383 1652 3447 Vidimus
1690 3390 1916 3447 autem
1954 3383 2119 3463 quid
2161 3384 2563 3448 censendum
2604 3382 2682 3446 de
2722 3383 3114 3448 tabularum
3150 3406 3300 3462 geo-

758 3488 1236 3569 graphicarum
1267 3491 1572 3565 veritate,
1609 3491 1947 3571 simulque
1979 3491 2390 3555 ostendimus
2422 3490 2727 3555 tabulam
2759 3491 2869 3555 vel
2901 3490 3155 3570 majore
3187 3491 3298 3555 vel

758 3596 1018 3660 minore
1050 3594 1321 3660 modulo
1352 3597 1607 3676 pariter
1639 3603 1946 3660 exactam
1981 3597 2125 3661 fieri
2161 3619 2369 3676 posse,
2404 3595 2766 3661 dummodo
2799 3595 2884 3661 ad
2919 3619 3068 3661 eam
3104 3596 3294 3660 insti-

757 3701 1080 3766 tuendam
1112 3707 1252 3767 arte
1282 3703 1467 3782 justa
1494 3704 1723 3767 utaris.

846 3808 995 3872 Hoc
1029 3814 1371 3889 praeterea
1405 3809 1845 3874 manifestum
1879 3809 2138 3873 factum
2175 3814 2273 3872 est
2306 3833 2318 3871 :
2360 3832 2490 3888 quo
2526 3810 2744 3891 major
2777 3818 2877 3874 est
2911 3809 3302 3873 tabula-rum

758 3913 1090 3991 modulus,
1134 3938 1211 3979 eo
1249 3916 1475 3995 plures
1519 3914 1904 3995 geographo
1945 3921 2306 3979 occurrunt
2349 3914 2806 3982 difficultates,
2852 3915 3002 3980 Etsi
3047 3914 3300 3978 metho-

760 4020 923 4084 dum
975 4020 1305 4099 optimam
1352 4020 1744 4091 adhibuisti,
1796 4021 2242 4085 nihilominus
2296 4024 2555 4100 urgeris
2610 4023 3073 4100 incommodis,
3125 4044 3298 4102 quae

758 4127 1163 4207 proveniunt
1187 4149 1269 4190 ex
1293 4126 1568 4191 urbium
1595 4126 1852 4203 incolis,
1880 4150 1962 4191 ex
1988 4129 2150 4192 locis
2177 4128 2474 4204 incultis,
2501 4127 2709 4203 silvis,
2736 4130 2991 4208 campis
3015 4127 3296 4191 humen-

757 4233 962 4310 tibus,
999 4238 1120 4298 etc.
1158 4233 1439 4297 Artibus
1477 4240 1724 4308 autem,
1759 4233 2005 4313 quibus
2041 4232 2517 4298 difficultatem
2554 4232 2817 4297 abolere
2854 4231 3301 4308 crediderunt,

758 4339 1194 4420 perducimur
1239 4338 1323 4404 ad
1372 4339 1820 4407 instituendas
1869 4340 2156 4417 tabulas,
2205 4362 2376 4419 quae
2425 4338 2600 4403 nihil
2650 4337 2838 4402 aliud
2887 4345 3047 4403 sunt
3095 4360 3296 4418 quam

756 4445 1030 4511 tabulae
1095 4445 1660 4526 chorographicae
1725 4451 2051 4526 tanquam
2119 4445 2521 4525 singillatim
2591 4445 2839 4509 iterum
2907 4444 3297 4525 descriptae,

760 4560 826 4616 et
870 4553 1027 4617 illae
1072 4553 1289 4617 multo
1330 4552 1556 4617 minus
1599 4554 1827 4618 valent
1873 4575 2073 4633 quam
2122 4552 2357 4616 tabula
2400 4550 2926 4630 chorographica
2972 4544 3303 4614 coloribus

758 4657 1161 4722 adumbrata
1191 4656 1275 4721 ad
1308 4658 1721 4738 geologicam
1755 4664 2018 4724 crustae
2050 4664 2364 4723 naturam
2400 4655 3006 4722 demonstrandam.

843 4765 1080 4829 Unum
1137 4785 1363 4828 revera
1422 4787 1634 4845 genus
1687 4765 2078 4830 tabularum
2138 4765 2739 4845 geographicarum
2800 4761 3297 4827 ostendentium

762 4871 1134 4935 incolarum
1185 4872 1444 4951 copiam
1493 4870 1779 4953 dignum
1828 4878 1928 4937 est
1977 4871 2154 4951 quod
2203 4869 2621 4935 emendatius
2672 4869 3018 4948 efficiatur,
3070 4876 3139 4935 et
3185 4867 3297 4933 cui
