3720 5875
1111 1247 1518 1334 CAPUT
1634 1245 2250 1348 QUARTUM

1255 1501 1592 1572 Quantum
1632 1498 2117 1581 profecerimus

514 2061 833 2142 Superest
892 2064 969 2124 ut
1027 2064 1335 2123 notemus
1398 2061 1730 2137 quantum
1790 2054 2267 2135 profecerimus
2327 2052 2626 2119 conando
2681 2053 2971 2119 formare

431 2166 695 2234 tabulas
726 2164 1093 2231 secundum
1121 2161 1515 2229 methodum
1543 2161 2007 2243 propositam:

521 2273 710 2337 Vitia
739 2272 1040 2353 primum
1070 2292 1303 2334 earum
1333 2265 1773 2345 enuntianda,
1805 2288 1978 2346 quae
2007 2264 2532 2347 haudquaquam
2567 2265 2974 2345 ignoramus.

523 2379 872 2455 Tabulam,
901 2399 1034 2457 qua
1061 2375 1257 2456 copia
1281 2375 1657 2439 incolarum
1684 2373 2182 2439 demonstratur
2208 2374 2483 2439 omnino
2509 2371 2596 2437 ad
2621 2373 2979 2438 veritatem.

440 2483 1000 2549 accommodatam
1044 2505 1182 2548 esse
1225 2504 1359 2546 non
1404 2480 1893 2557 contendimus,
1939 2485 2289 2559 propterea
2331 2480 2506 2559 quod
2550 2479 2835 2543 materia
2874 2478 2984 2542 usi

443 2612 671 2654 sumus
730 2611 968 2669 parum
1019 2594 1270 2654 exacta.
1334 2588 1608 2652 Etenim
1658 2609 1873 2665 neque
1928 2607 2111 2649 areas
2170 2585 2713 2665 municipiorum,
2771 2605 2986 2664 neque

444 2717 807 2760 numerum
837 2694 1212 2760 incolarum
1244 2695 1316 2757 in
1345 2693 1591 2758 viculis
1621 2694 1731 2757 vel
1761 2693 1834 2757 in
1866 2692 2152 2772 singulis
2185 2691 2494 2756 domibus
2524 2691 2985 2756 habitantium

448 2802 781 2868 novimus.
827 2799 1160 2865 Artificiis
1202 2806 1472 2865 tantum
1517 2839 1608 2849 —-
1650 2806 1729 2866 ut
1772 2800 1918 2881 jam
1965 2797 2379 2865 ostendimus
2423 2838 2514 2847 —
2558 2796 2988 2863 difficultates

451 2908 704 2974 solvere
739 2909 1083 2990 potuimus
1121 2931 1293 2989 quae
1329 2930 1414 2972 ex
1450 2930 1524 2972 eo
1560 2907 1986 2989 proveniunt.

539 3015 818 3094 Tabula,
862 3039 996 3097 qua
1038 3014 1449 3081 ostendimus
1493 3012 1821 3094 quomodo
1867 3014 2327 3093 glomerentur
2370 3013 2745 3077 incolarum
2792 3011 2997 3088 sedeS,

456 3121 671 3202 magis
727 3122 933 3187 etiam
994 3121 1203 3185 distat
1257 3143 1297 3184 a
1353 3143 1508 3184 vera
1563 3142 1790 3184 rerum
1848 3119 2256 3184 condicione.
2314 3119 2494 3183 Nam
2553 3118 3001 3200 computando

460 3227 755 3292 medium
805 3250 1162 3293 numerum
1212 3227 1673 3291 habitantium
1722 3226 1795 3289 in
1844 3225 2086 3290 viculis
2137 3225 2393 3304 (catun)
2446 3226 2609 3290 satis
2661 3224 3003 3290 incondite

462 3335 866 3415 exprimitur
924 3333 1267 3414 proportio
1323 3355 1551 3397 eorum
1609 3331 1728 3412 qui
1783 3333 1856 3396 in
1917 3330 2205 3411 singulis
2263 3330 2569 3397 domibus
2630 3336 3003 3406 versantur,

464 3461 823 3518 eorumque
854 3439 971 3519 qui
1001 3438 1072 3503 in
1102 3439 1269 3503 vicis
1298 3438 1775 3518 glomerantur.

555 3545 642 3607 In
689 3544 1034 3609 nonnullis
1083 3546 1288 3608 etiam
1337 3543 1579 3624 plagis,
1627 3543 2022 3623 praesertim
2072 3543 2145 3606 in
2192 3541 2486 3607 vallibus
2534 3543 3011 3628 frequentatis-

470 3649 660 3714 simis
705 3649 1000 3730 regionis
1047 3655 1424 3728 montanae,
1472 3649 1682 3713 viculi
1729 3647 1897 3713 dicti
1944 3674 1972 3708 ι
2010 3651 2273 3728 eamne,
2310 3676 2338 3711 x·
2387 3649 2692 3730 quamvis
2740 3649 3013 3712 notmina

472 3756 745 3837 propria
788 3754 1083 3820 habeant
1134 3755 1514 3836 (propterea
1559 3754 1737 3835 quod
1779 3754 1866 3819 ab
1911 3755 2171 3835 origine
2218 3761 2410 3820 erant
2456 3754 2800 3835 separati,)
2854 3752 3016 3818 adeo

475 3867 829 3928 creverunt
857 3868 933 3926 ut
961 3867 1288 3942 tanquam
1317 3861 1582 3926 confusi
1609 3860 1988 3940 videantur,
2020 3860 2503 3942 domorumque
2533 3861 2773 3926 seriem
2804 3861 3015 3925 conti-

479 3991 686 4034 nuam
735 3970 1118 4050 praebeant.
1174 3969 1286 4032 Ita
1338 3969 1409 4032 in
1461 3991 1820 4033 numerum
1871 3968 2349 4033 distinctorum
2396 3968 2774 4032 viculorum
2824 3966 3022 4031 relati

483 4081 642 4140 sunt
669 4074 1041 4156 complures
1071 4075 1281 4140 viculi
1310 4076 1428 4155 qui
1459 4082 1685 4139 tamen
1717 4076 1791 4138 in
1818 4098 2031 4140 unum
2062 4076 2288 4140 vicum
2320 4073 2583 4140 collecti
2614 4080 2822 4141 erant.

571 4180 831 4246 Deinde
908 4181 1082 4246 liber
1159 4180 1583 4262 supradictus
1663 4208 1692 4243 α
1727 4180 2074 4247 Indicator
2153 4183 2221 4246 al
2300 4182 2687 4246 comunelor
2713 4207 2744 4242 ι
2829 4181 3027 4245 villas

486 4288 560 4351 in
595 4288 775 4368 agris
809 4289 1058 4369 passim
1094 4288 1339 4353 effusas
1376 4289 1751 4369 generatim
1787 4312 1924 4353 non
1960 4294 2274 4354 numerat
2309 4290 2486 4354 inter
2520 4288 2778 4353 viculos
2816 4286 3026 4352 dictos

491 4418 522 4453 a<
561 4397 778 4459 ciitun.
818 4420 850 4454 »
909 4393 1414 4475 Nonnunquam
1483 4419 1568 4461 ex
1629 4396 1966 4461 contrario
2032 4395 2335 4475 singulas
2403 4394 2630 4460 domos
2696 4399 2889 4458 notat
2955 4398 3035 4457 ut

493 4524 527 4559 «
572 4503 792 4580 (zatun,
834 4526 865 4560 »
892 4501 1286 4581 praesertim
1313 4501 1387 4565 in
1413 4501 1801 4581 regionibus
1827 4503 2081 4566 vocatis
2111 4527 2141 4562 α
2170 4502 2477 4587 Baragan
2503 4526 2533 4563 ι
2563 4505 2631 4565 et
2660 4527 2690 4562 α
2730 4500 3035 4564 Terrasse

496 4606 588 4673 du
609 4605 859 4672 Buzeu.
896 4634 924 4669 ιο
949 4606 1316 4672 Intellectu
1338 4606 1540 4673 facile
1565 4614 1665 4672 est
1687 4629 1999 4672 numeros
2026 4608 2333 4674 inventos
2360 4607 2794 4688 indagatione
2821 4605 3038 4685 regio-

498 4735 684 4790 num,
719 4714 794 4777 in
826 4713 1069 4793 quibus
1101 4713 1304 4779 villae
1337 4735 1458 4794 pro
1491 4739 1521 4775 «1
1557 4716 1764 4778 cat-un
1792 4740 1822 4777 ι
1857 4714 2130 4780 habitae
2164 4720 2341 4792 sunt,
2375 4715 2496 4779 vix
2529 4712 2822 4777 conferri
2854 4734 3042 4793 posse

503 4839 658 4903 cum
696 4819 995 4890 numeris
1034 4820 1363 4901 expressis
1405 4819 1840 4900 indagatione
1882 4820 2236 4901 regionum
2279 4821 2352 4887 in
2392 4820 2638 4900 quibus
2678 4842 2816 4886 non
2859 4840 3044 4900 sepa-

2728 4927 2760 4983 5
