3720 5875
1879 518 2227 623 -56-...ζ

781 721 1011 785 Etiam
1057 721 1128 784 in
1173 720 1519 785 nonnullis
1564 720 1871 801 partibus
1917 720 2138 800 campi
2184 718 2582 784 Munteniae
2628 718 2975 784 orientalis
3021 718 3320 785 coloniae

779 827 1238 893 recentissime
1273 828 1627 892 institutae
1662 832 1837 892 sunt.

867 933 1163 999 Nomina
1183 935 1535 1014 regionum
1560 935 1977 999 naturalium
2002 937 2074 999 in
2095 935 2317 1015 plagis
2338 940 2608 999 tantum
2632 934 3015 999 invenimus
3038 933 3317 998 minime

778 1042 1228 1122 frequentatis
1265 1047 1332 1105 et
1366 1048 1640 1122 propter
1674 1065 1882 1122 opum
1910 1042 2326 1122 paucitatem
2365 1041 2483 1106 diu
2518 1042 2751 1106 vitatis
2788 1042 2873 1106 ab
2908 1041 3313 1106 hominibus.

778 1149 883 1214 Ea
900 1171 1059 1214 vero
1079 1150 1357 1214 nomina
1378 1172 1460 1213 ex
1483 1150 1697 1213 latina
1719 1149 1958 1228 lingua
1981 1172 2116 1213 non
2139 1148 2440 1214 oriunda.
2468 1148 2785 1229 Exempli
2811 1171 3011 1213 causa
3033 1171 3315 1213 comme-

777 1278 1139 1321 moramus:
1169 1255 1962 1339 Bdrdyamherbiferam
1989 1254 2421 1321 solitudinem
2444 1278 2655 1336 usque
2678 1254 2763 1320 ad
2786 1256 3321 1320 recentissimum

777 1369 1046 1444 tempus
1081 1362 1433 1439 desertam,
1473 1363 1712 1429 deinde
1753 1362 2165 1439 Teleor‘man,
2203 1364 2399 1443 cujus
2434 1386 2679 1427 nomen
2719 1362 3041 1427 Cumanis
3076 1363 3320 1427 forma-

777 1475 927 1535 tum
969 1470 1270 1549 (auctore
1303 1470 1640 1549 Easdem,
1677 1471 1916 1535 silvam
1953 1470 2205 1535 malam
2243 1471 2600 1549 significat.

866 1577 1355 1642 Deficientibus
1393 1577 1760 1654 vocabulis,
1800 1577 2077 1641 nomina
2118 1578 2409 1641 formare
2451 1576 2765 1656 oportuit.
2813 1575 3052 1641 Conati
3095 1598 3323 1641 sumus

778 1690 1095 1748 naturam
1155 1685 1484 1765 cujusque
1543 1684 1837 1763 regionis
1895 1684 2117 1749 verbis
2178 1685 2353 1764 aptis
2412 1689 2665 1760 notare,
2726 1684 2997 1748 nomine
3059 1682 3320 1764 adjecto

780 1791 910 1855 loci
939 1791 1046 1854 vel
1075 1789 1379 1855 fluminis
1408 1789 1778 1871 cujusdam.

869 1910 1036 1975 Cum
1068 1911 1202 1975 alio
1232 1911 1375 1975 loco
1405 1911 1886 1991 geographiam
1917 1910 2285 1976 Valachiae
2319 1909 2584 1975 abunde
2616 1911 2897 1975 scrutati
2929 1910 3158 1985 simus,
3190 1932 3323 1973 non

779 2018 951 2083 utile
1002 2018 1224 2081 visum
1278 2025 1378 2082 est
1429 2017 1541 2082 hic
1587 2019 2024 2098 partitionem
2082 2018 2154 2082 in
2207 2017 2513 2095 regiones
2567 2017 2909 2082 naturales
2963 2017 3320 2097 explicare.

781 2124 1128 2190 Nonnulla
1163 2130 1414 2200 tamen,
1454 2147 1624 2204 quae
1663 2126 1894 2203 magni
1935 2124 2257 2188 momenti
2299 2130 2454 2188 sunt
2495 2123 2936 2204 explananda.

863 2245 1112 2323 Plagas
1141 2243 1371 2309 eadem
1401 2250 1649 2313 natura
1670 2268 1791 2323 per
1814 2266 2140 2323 magnum
2170 2245 2462 2323 spatium
2491 2243 2830 2323 praeditas
2859 2242 3157 2308 dividere
3186 2267 3317 2308 non

778 2353 1226 2427 tentavimus;
1275 2357 1506 2415 contra
1550 2351 1893 2429 regionem
1940 2349 2442 2415 discriminibus
2487 2352 2724 2416 multis
2770 2353 3198 2431 conspicuam
3243 2356 3318 2415 ut

781 2460 982 2525 colles
1024 2460 1443 2536 Munteniae,
1488 2460 1560 2524 in
1603 2459 1934 2539 plurimas
1977 2460 2084 2523 vel
2128 2460 2446 2523 minimas
2489 2458 2796 2540 regiones
2840 2457 3140 2525 dividere
3184 2481 3318 2522 non

780 2565 1260 2631 dubitavimus.
1328 2565 1559 2630 'Etiam
1627 2589 1907 2644 magnas
1974 2588 2479 2655 nonnunquam*
2525 2566 2736 2630 valles
2804 2565 3319 2643 segregavimus.

779 2674 1011 2752 Longe
1047 2673 1229 2736 enim
1266 2672 1440 2737 aliae
1477 2677 1634 2736 sunt
1666 2673 1878 2737 valles
1916 2673 1985 2736 in
2024 2673 2268 2753 quibus
2306 2673 2612 2737 collocati
2651 2679 2809 2737 sunt
2842 2673 2976 2735 vici
3016 2671 3317 2751 plurimi,

780 2785 847 2843 et
893 2779 1094 2843 colles
1138 2780 1369 2843 vestiti
1417 2779 1886 2858 frequentibus
1937 2778 2143 2855 silvis,
2195 2780 2266 2842 in
2318 2801 2482 2843 zona
2531 2780 2867 2842 tertiariae
2929 2778 3037 2857 (ut
3087 2777 3321 2842 dicunt

780 2885 1076 2967 geologi)
1127 2889 1408 2949 crustae.
1455 2885 1596 2949 Nec
1638 2885 1864 2949 minus
1907 2883 2133 2965 dispar
2176 2891 2273 2950 est
2317 2883 2619 2950 condicio
2664 2907 3052 2966 camporum
3096 2884 3318 2949 herbi-

778 2993 994 3057 feram
1026 2990 1459 3056 solitudinem
1492 2991 1987 3056 ostendentium
2020 2998 2087 3056 et
2114 2992 2399 3057 vallium
2434 2992 2804 3058 cultoribus
2834 2992 3319 3074 frequentium,

778 3122 951 3180 quae
983 3122 1090 3164 eos
1123 3098 1649 3179 interrumpunt.

864 3219 1449 3294 Interrogabimur
1494 3219 1776 3284 fortasse
1825 3242 1947 3283 cur
1990 3219 2407 3298 principium
2458 3241 2591 3284 non
2644 3219 2714 3283 in
2763 3217 3134 3284 tractandis
3184 3240 3322 3282 om-

777 3325 979 3390 nibus
1027 3325 1319 3390 vallibus
1371 3326 1583 3390 secuti
1636 3326 1866 3390 simus.
1915 3365 2004 3373 —
2059 3325 2333 3395 Quoties
2385 3325 2686 3388 maxima
2732 3347 2888 3403 pars
2939 3325 3318 3389 incolarum

776 3432 1070 3510 regionis
1105 3429 1459 3511 cujusdam
1495 3431 1565 3494 in
1601 3453 1742 3494 una
1772 3433 1880 3496 vel
1917 3429 2178 3494 duabus
2210 3430 2503 3493 vallibus
2540 3430 2910 3509 glomerata
2941 3428 3318 3506 videbatur,

776 3537 1024 3602 vallem
1058 3538 1507 3617 seposuimus3
1543 3538 1638 3601 ita
1670 3537 1918 3600 vallem
1953 3536 2255 3600 fluminis
2290 3537 2335 3600 J
2338 3536 2619 3613 alomita
2650 3543 2716 3601 et
2748 3536 3052 3603 fluminis
3088 3535 3319 3601 Buzeu

776 3643 848 3708 in
883 3643 1270 3722 regionibus
1305 3667 1345 3708 a
1377 3644 1568 3708 nobis
1599 3644 1854 3708 vocatis
1892 3669 1920 3704 α
1955 3643 2262 3706 Terrasse
2296 3641 2386 3706 du
2421 3641 2709 3706 Buzeu·»
2752 3649 2820 3706 et
2856 3668 2887 3701 «
2920 3642 3227 3726 Baragan
3252 3669 3313 3722 »,

777 3750 982 3814 etiam
1005 3750 1252 3815 vallem
1278 3749 1582 3814 fluminis
1608 3749 1790 3824 Oltu,
1815 3748 2160 3827 vallesque
2184 3748 2547 3812 fluminum
2574 3748 2883 3814 Prahova
2908 3754 2974 3813 et
2999 3749 3226 3830 Teleaj
3235 3773 3323 3814 na

777 3857 848 3920 in
882 3857 1154 3935 regione
1173 3855 1367 3945 ‘dicta
1396 3882 1424 3915 ι
1462 3854 1756 3920 Collines
1787 3853 1868 3918 de
1900 3854 2563 3935 Prahova-Teleajna
2589 3880 2649 3920 ι.
2679 3895 2766 3904 -
2799 3855 2921 3919 Sin
2953 3855 3321 3922 multitudo

776 3963 848 4026 in
879 3961 1196 4042 plurimis
1227 3959 1520 4025 vallibus
1552 3957 1673 4040 per
1702 3965 1915 4025 totam
1951 3983 2173 4025 aream
2209 3962 2502 4042 regionis
2537 3961 2754 4026 effusa
2785 3959 2902 4039 est,
2939 3962 3314 4028 incolarum

777 4068 1037 4148 copiam
1086 4068 1159 4131 in
1203 4089 1467 4147 quaque
1509 4066 1687 4131 valle
1734 4089 1871 4131 non
1916 4065 2435 4146 computandam
2482 4066 2907 4135 credidimus.
2959 4068 3072 4133 Ita
3116 4069 3195 4134 fit
3241 4069 3315 4133 in

775 4172 1164 4254 regionibus
1227 4196 1392 4254 quas
1454 4173 1842 4239 vocavimus
1911 4201 1938 4234 α
1976 4171 2268 4239 Collines
2336 4171 2416 4237 de
2483 4170 2646 4253 Gorj
2677 4200 2709 4236 ι
2784 4180 2851 4239 et
2961 4200 2990 4235 «ι
3026 4173 3321 4239 Collines

774 4278 1075 4359 d’Arges.
1115 4306 1147 4342 ι

860 4400 1141 4481 Oportet
1181 4398 1368 4464 aliud
1410 4398 1912 4465 incommodum
1953 4399 2201 4464 referre
2244 4401 2420 4481 quod
2462 4400 2655 4465 nobis
2698 4401 3009 4479 occurrit,
3054 4401 3314 4481 quoties

775 4507 1238 4588 glomerantur
1284 4506 1591 4572 homines
1638 4508 1839 4588 juxta
1888 4507 2053 4570 fines
2102 4507 2454 4586 regionum
2505 4507 2942 4571 naturalium.
2994 4506 3311 4588 Exempli

774 4617 976 4678 causa
1022 4613 1312 4677 referam
1358 4614 1539 4678 vicos
1589 4613 1837 4678 multos
1883 4618 2111 4676 tenere
2161 4613 2611 4677 acclivitatem
2660 4619 2844 4677 terra
2890 4614 3134 4679 limosa
3177 4614 3311 4678 for-

773 4725 1046 4796 matam,
1073 4742 1242 4800 quae
1268 4726 1522 4800 spectat
1549 4721 1621 4784 in
1644 4719 1971 4784 Valachia
1998 4718 2081 4783 ad
2106 4719 2352 4783 vallem
2382 4718 2700 4783 Danubii.
2730 4719 2985 4784 Eorum
3009 4720 3313 4784 vicorum

775 4826 1034 4890 incolae
1063 4848 1395 4891 summam
1422 4825 1778 4906 planitiem
1807 4825 2041 4890 colunt
2067 4847 2241 4904 aqua
2270 4831 2609 4891 carentem
2637 4830 2704 4890 et
2729 4847 2935 4906 prope
2966 4824 3314 4889 desertam.
