3720 5875
1836 547 2184 611 —68—

742 705 851 784 sit,
903 724 1205 787 quaeque
1254 728 1497 787 parum
1548 706 1979 786 frequentata
2028 705 2356 773 videatur.
2412 707 2673 772 Tabula
2722 709 3056 775 statistica
3105 711 3289 776 infra

741 813 1003 895 prolata
1034 813 1331 877 ostendit
1358 813 1715 894 planitiem
1745 814 1998 879 dictam
2032 840 2061 875 α
2099 814 2408 880 Terrasse
2440 815 2762 880 diluviale
2795 841 2825 878 ι
2858 839 3016 897 prae
3050 819 3288 883 ceteris

742 920 1050 1001 partibus
1107 919 1356 984 habere
1411 943 1772 985 numerum
1826 920 2286 985 habitantium
2347 927 2828 1000 congruentem
2889 923 3288 1003 superficiei.

746 1026 925 1092 Zona
994 1031 1224 1091 contra
1294 1026 1569 1091 collium
1638 1028 1931 1091 nimium
2001 1027 2430 1108 frequentata
2498 1027 2767 1093 videtur
2821 1028 3040 1109 (tenet
3107 1030 3287 1093 enim

743 1139 1007 1216 partem
1041 1153 1233 1198 afreae
1266 1134 1475 1198 totius
1506 1133 1876 1199 Valachiae
1911 1157 2081 1215 quae
2116 1136 2523 1215 exprimitur
2554 1136 2984 1217 proportione
3020 1135 3166 1214 30‚7
3199 1139 3282 1215 Ἃ,

745 1240 862 1306 sed
891 1241 1314 1322 frequentiae
1346 1242 1687 1321 proportio
1720 1240 2218 1306 demonstratur
2248 1265 2528 1306 numero
2560 1244 2643 1307 43
2679 1245 2796 1322 Ἃ.)

834 1347 1083 1414 Omnes
1149 1347 1454 1427 regiones
1520 1348 1863 1412 naturales
1929 1348 2295 1413 Valachiae
2362 1348 2766 1428 singillatim
2835 1350 3087 1414 intueri
3154 1373 3285 1414 non

749 1477 1116 1535 possumus,
1154 1455 1409 1518 Verum
1445 1455 1778 1518 nonnulla
1812 1454 2101 1534 alicujus
2141 1460 2461 1521 momenti
2501 1454 2794 1519 notanda
2832 1461 3007 1521 sunt.

837 1560 1205 1641 Praecipue
1249 1561 1559 1624 mirabile
1602 1560 1892 1639 videtur,
1938 1561 2147 1625 valles
2192 1560 2567 1626 redundare
2615 1562 2853 1626 incolis
2897 1584 3031 1627 non
3081 1562 3293 1627 solum

753 1668 826 1732 in
864 1689 1029 1733 zona
1067 1666 1362 1743 collium,
1405 1666 1518 1731 sed
1558 1668 1763 1731 etiam
1803 1668 1874 1732 in
1914 1668 2278 1731 montibus.
2320 1667 2514 1740 Quod
2554 1690 2691 1731 non
2733 1668 2952 1732 solum
2988 1670 3112 1734 hoc
3152 1669 3292 1732 loco

755 1773 1122 1850 invenitur,
1181 1795 1415 1837 verum
1477 1773 1548 1837 in
1607 1772 1939 1837 Valachia
1996 1773 2213 1852 magis
2274 1774 2710 1854 conspicuum
2771 1780 2890 1851 est,
2949 1773 3109 1854 quia
3148 1797 3295 1838 raro

755 1878 1002 1945 accidit
1034 1880 1106 1944 in
1138 1878 1444 1959 Carpatis
1474 1880 1835 1945 montibus.
1871 1878 2134 1943 Deinde
2164 1881 2383 1959 major
2411 1880 2798 1960 frequentia
2827 1887 3131 1945 versatur
3164 1902 3295 1945 non

757 1987 828 2051 in
856 1986 1054 2051 vallis
1082 2009 1255 2067 quae
1279 1986 1738 2051 obtenduntur
1764 1986 2048 2067 fastigio
2073 1986 2307 2066 (vulgo
2332 2012 2361 2047 ι
2402 1986 2649 2051 valle-es
2676 1987 3208 2067 longitudinales
3240 1988 3295 2063 n)

756 2099 833 2159 ut
860 2094 933 2157 in
959 2092 1273 2173 Alpibus,
1301 2092 1414 2157 sed
1441 2095 1513 2157 in
1540 2094 1622 2157 iis
1652 2115 1822 2174 quae
1850 2117 1892 2157 a
1915 2094 2099 2173 jugis
2126 2094 2462 2158 montium
2491 2092 2925 2171 descendunt,
2954 2095 3061 2159 vel
3091 2096 3296 2159 etiam

755 2201 925 2282 juga
954 2207 1184 2265 secant
1219 2200 1453 2279 (vulgo
1484 2226 1513 2261 ι
1551 2200 1803 2264 vallees
1828 2200 2326 2265 transversales.
2364 2202 2434 2278 ι)

846 2307 945 2371 Ea
966 2330 1124 2371 vero
1145 2330 1230 2371 ex
1252 2307 1704 2387 peculiaribus
1730 2306 1947 2370 causis
1971 2307 2377 2386 proveniunt
2400 2329 2569 2387 quae
2595 2308 2677 2372 ad
2704 2311 3015 2371 naturam
3043 2313 3300 2374 crustae

762 2419 1084 2495 spectant.
1124 2412 1355 2477 Valles
1396 2414 1580 2477 enim
1616 2412 1974 2477 fluminum
2015 2434 2182 2492 quae
2222 2412 2680 2477 obtenduntur
2717 2413 3012 2493 fastigio,
3055 2434 3303 2493 paucae

763 2526 920 2585 sunt
978 2525 1047 2585 et
1103 2542 1346 2601 parvae
1406 2520 1478 2583 in
1538 2520 1883 2584 montibus
1942 2518 2328 2597 Valachiae‚
2396 2525 2674 2599 excepta
2738 2525 2926 2600 parte
2992 2519 3304 2583 orientali

761 2625 1158 2691 Munteniae
1206 2625 1324 2690 ubi
1373 2631 1556 2689 terra
1601 2648 1645 2689 a
1694 2626 1990 2705 geologis
2040 2625 2224 2690 dicta
2272 2652 2301 2687 ι
2359 2625 2571 2705 flysch
2625 2652 2653 2687 x·
2714 2626 3081 2702 invenitur,
3130 2646 3302 2706 quae

765 2732 1045 2814 disjecta
1094 2740 1192 2799 est
1241 2732 1432 2797 rimis
1478 2732 1840 2813 parallelis.
1892 2732 2121 2796 Valles
2171 2754 2210 2795 a
2257 2731 2442 2811 jugis
2490 2730 2963 2797 descendentes
3012 2732 3307 2795 maxime

764 2839 1235 2919 frequentatae
1276 2843 1434 2902 sunt
1472 2842 1745 2918 propter
1784 2838 2197 2917 peculiarem
2242 2836 2701 2901 condicionem
2747 2837 3094 2917 cujusque.

851 2946 1095 3009 Amnis
1127 2945 1308 3008 enim
1344 2944 1508 3008 Oltu
1541 2944 1886 3024 regionem
1921 2945 2121 3009 alluit
2156 2943 2610 3009 demissiorem
2648 2945 3028 3025 argillaceis
3063 2950 3130 3010 et
3164 2967 3306 3010 are-

767 3052 947 3117 nosis
971 3051 1150 3117 saxis
1174 3051 1557 3128 formatam,
1584 3053 1656 3116 in
1680 3050 1906 3115 media
1929 3073 2091 3115 zona
2119 3050 2401 3130 Alpium
2429 3050 3115 3128 Transilvanicarum,
3141 3073 3313 3130 quae

769 3164 1002 3224 contra
1032 3159 1212 3223 saxis
1244 3158 1654 3239 crystallinis
1686 3158 2054 3222 constituta
2085 3158 2241 3222 estl.
2277 3157 2363 3221 In
2397 3181 2477 3222 ea
2506 3158 2720 3237 igitur
2750 3158 3023 3237 regione
3056 3157 3308 3236 glome-

767 3266 902 3330 rati
939 3272 1097 3330 sunt
1133 3266 1457 3342 homines,
1498 3265 2083 3344 confugeruntque
2120 3262 2205 3327 ad
2244 3263 2563 3344 planities
2599 3264 2871 3328 limosas
2911 3264 3071 3328 sitas
3108 3286 3314 3343 prope

768 3372 1076 3449 fluvium,
1119 3372 1315 3452 cujus
1353 3372 1553 3437 vallis
1594 3371 1796 3435 facile
1839 3371 2093 3450 largior
2134 3370 2376 3435 effecta
2415 3375 2533 3446 est,
2577 3371 2756 3435 saxis
2800 3370 3093 3435 arenosis
3135 3392 3313 3450 aqua

771 3479 975 3546 erosis
1001 3480 1047 3544 ².
1087 3478 1477 3543 Incolarum
1516 3479 1706 3559 copia
1744 3478 1892 3559 ejus
1928 3477 2172 3558 plagae
2207 3500 2251 3540 a
2283 3476 2476 3541 nobis
2516 3503 2544 3537 ι
2592 3475 2836 3541 Bassin
2872 3475 2953 3542 de
2992 3476 3233 3542 Titesti
3272 3501 3302 3538 ι

769 3592 1045 3651 vocatae
1082 3586 1243 3651 satis
1279 3607 1528 3665 magna
1567 3589 1958 3665 computata
1992 3589 2091 3648 est
2135 3582 2307 3663 (54).

855 3693 1077 3758 Vallis
1101 3692 1296 3757 fluvii
1322 3691 1553 3755 Buzeu
1580 3712 1815 3755 zonam
1840 3690 2206 3770 perlustrat
2235 3690 2306 3753 in
2335 3711 2470 3769 qua
2496 3695 2720 3754 crusta
2747 3689 3065 3755 continuo
3093 3687 3313 3769 depri-

774 3800 987 3864 mitur
1041 3799 1164 3863 soli
1219 3804 1428 3876 motu,
1484 3802 1552 3861 et
1603 3797 1992 3862 hominibus
2046 3796 2406 3877 praecipue
2460 3795 2889 3875 frequentata
2947 3800 3066 3870 est,
3121 3816 3317 3874 prop-

773 3912 959 3971 terea
989 3903 1166 3986 quod
1193 3910 1384 3986 patet
1415 3905 1486 3969 in
1517 3903 1987 3979 latitudinem3
2022 3904 2297 3983 insuper
2331 3902 2572 3968 limosa
2598 3902 2919 3983 planities
2950 3906 3134 3966 tenet
3166 3921 3313 3965 eam

776 4012 1048 4095 passim,
1098 4012 1295 4092 cujus
1343 4033 1542 4092 opera
1592 4011 1813 4090 campi
1865 4008 2031 4075 dicti
2083 4035 2112 4070 α
2168 4015 2452 4074 terrasse
2503 4007 2827 4074 diluviale
2880 4033 2910 4070 ι
2967 4028 3183 4087 usque
3231 4004 3314 4070 ad

778 4119 1166 4185 interiorem
1206 4122 1505 4182 montem
1542 4117 1832 4198 porrecti
1871 4116 2188 4181 videntur
2212 4117 2264 4183 ³.

838 4438 887 4489 1.
926 4436 1188 4487 Bssnmcn.
1216 4435 1574 4501 Geologische
1597 4434 1828 4498 Studien
1853 4437 1929 4485 im
1956 4434 2141 4487 Gebiet
2166 4435 2263 4485 des
2288 4434 2378 4485 Olt
2402 4434 2503 4484 unt
2527 4432 2879 4484 Oltetztahles
2905 4431 2962 4482 in
2990 4430 3316 4490 Rumanien.

777 4512 964 4564 Jahrb.
996 4511 1048 4563 d.
1081 4512 1132 4562 k.
1163 4512 1215 4561 k.
1250 4511 1394 4562 Geol.
1425 4510 1849 4571 Reichsanstalt‚
1880 4510 2016 4569 1899,
2047 4523 2138 4573 pp.
2170 4510 2199 4560 4
2228 4509 2281 4559 et
2309 4521 2427 4571 sqq.

841 4601 889 4653 2.
925 4601 986 4652 Ε.
1017 4614 1086 4652 m:
1112 4599 1440 4651 ΜΑΒΤΟΝΝΕ.
1471 4599 1810 4650 Becherches
1837 4612 1937 4650 sur
1962 4599 2017 4649 la
2044 4598 2267 4660 periode
2296 4595 2556 4660 glaciaire
2584 4596 2726 4646 dans
2754 4595 2836 4646 les
2864 4593 3135 4656 Karpates
3161 4593 3320 4644 meri·

780 4677 1048 4728 dionales.
1081 4676 1200 4726 Bul.
1234 4675 1357 4726 Soc.
1390 4675 1443 4724 d.
1475 4674 1562 4725 Sc.
1595 4676 1661 4725 de
1692 4676 1842 4735 Buc.,
1874 4674 2013 4734 1900,
2044 4687 2134 4737 pp.
2168 4672 2327 4724 53-54.

845 4763 979 4832 3.,Ε.
1022 4778 1090 4817 m:
1120 4764 1448 4826 Man-ronne,
1482 4762 1593 4815 Sur
1622 4763 1676 4814 la
1707 4762 2011 4814 formation
2043 4763 2140 4813 des
2171 4761 2377 4816 vallces
2409 4760 2462 4814 et
2495 4760 2575 4811 les
2606 4756 2994 4813 mouvements
3027 4755 3104 4809 du
3134 4754 3221 4807 sol
3251 4765 3319 4808 en

781 4841 1060 4895 valachie.
1093 4835 1199 4892 GR.
1235 4838 1329 4890 Ao.
1365 4836 1474 4899 Sc„
1507 4837 1682 4889 Paris,
1715 4834 1855 4889 1901.

903 5865 908 5868 ⁴
955 5863 1242 5875 .A—*:-
1329 5869 1334 5875 .
1383 5863 1596 5875 -.-*”
1617 5861 1913 5875 fflffl-e‘
