3720 5875
1859 527 2207 591 ...66—

765 687 967 752 ratim
998 691 1479 752 enumerantur
1509 685 1732 751 villae.
1765 684 1990 759 Quare
2022 688 2096 752 in
2127 685 2330 766 plaga
2361 689 2595 751 vocata
2630 682 2937 772 Baragan
2976 685 3331 766 (quamvis

762 792 1131 858 multitudo
1182 793 1256 858 in
1308 814 1588 873 magnos
1636 792 1818 857 vicos
1870 791 2048 857 coire
2095 792 2362 871 soleat),
2413 813 2733 857 numerus
2785 797 3015 857 tamen
3068 786 3327 858 notans

761 898 1053 966 mediam
1086 899 1542 981 frequentiam
1579 899 1652 963 in
1689 898 1930 964 viculis
1966 898 2222 977 (catun)
2260 898 2481 963 minor
2515 897 2801 965 videtur.

845 1007 935 1070 In
965 1005 1357 1087 regionibus
1390 1005 1763 1083 altioribuS,
1797 1006 1960 1085 quia
1990 1005 2338 1085 perpaucis
2373 1003 2760 1069 hominibus
2793 1010 3133 1084 tenentur,
3168 1027 3320 1070 non

761 1134 999 1194 operae
1032 1112 1330 1193 pretium
1365 1119 1486 1189 est,
1523 1112 1580 1176 si
1617 1097 2044 1191 computetur
2078 1132 2399 1175 numerus
2436 1108 2699 1175 medius
2735 1109 3195 1175 habitantium
3232 1112 3320 1175 in

760 1219 1049 1301 singulis
1106 1218 1366 1285 viculis.
1423 1218 1719 1297 Etenim,
1779 1217 2120 1282 solitariae
2175 1216 2407 1281 domus
2467 1218 2774 1297 quamvis
2832 1216 3089 1282 multae
3142 1218 3310 1295 sint,

759 1326 1096 1391 rarissime
1144 1325 1480 1390 habentur
1531 1350 1561 1385 α
1600 1327 1835 1401 catun3
1874 1348 1904 1385 ι
1954 1324 2115 1387 satis
2165 1331 2265 1387 est
2310 1346 2526 1388 unum
2572 1345 2899 1402 magnum
2945 1325 3171 1388 vicum
3220 1325 3303 1386 in

756 1429 1047 1513 quadam
1068 1431 1342 1512 regione
1363 1432 1856 1495 incrementum
1879 1430 2150 1510 cepisse,
2171 1436 2250 1493 ut
2270 1428 2494 1494 media
2513 1429 2900 1510 frequentia
2918 1430 3306 1495 viculorum

759 1540 973 1621 major
1009 1537 1337 1604 videatur.
1377 1538 1477 1601 Ea
1512 1544 1612 1601 est
1650 1520 1956 1601 condicio
1991 1537 2323 1601 montium
2359 1538 2478 1616 qui
2514 1541 2839 1601 vocantur
2876 1562 2906 1598 α
2942 1536 3170 1601 Monts
3207 1535 3306 1602 du

757 1644 1005 1721 Buzeu,
1040 1669 1070 1706 ι
1099 1644 1423 1709 beneficio
1451 1645 1585 1708 vici
1612 1645 1855 1709 Bucar.

841 1750 1165 1822 Quamvis
1213 1751 1428 1815 multa
1483 1751 1652 1814 vitia
1707 1751 1970 1826 habeat,
2020 1750 2223 1814 utilia
2254 1755 2504 1825 tamen
2554 1749 2828 1829 praebet
2880 1749 3115 1814 tabula
3168 1773 3301 1831 quo

756 1855 1134 1920 ostenditur
1161 1854 1422 1921 medius
1451 1879 1767 1921 numerus
1799 1855 2173 1920 incolarum
2205 1857 2276 1920 in
2308 1856 2549 1920 viculis
2580 1855 3118 1935 glomeratorum.
3152 1857 3303 1923 Hoc

752 1962 937 2026 enim
967 1963 1408 2043 praecipuum
1443 1964 1729 2027 efficitur
1763 1962 2201 2029 incommodis
2236 1985 2439 2043 supra
2472 1963 2864 2039 enuntiatis,
2899 1971 2978 2028 ut
3011 1963 3296 2043 paulum

750 2069 1111 2148 frangatur
1131 2070 1231 2134 vis
1255 2068 1723 2134 discriminum
1745 2093 1759 2146 ;
1785 2092 1957 2149 quae
1980 2073 2035 2134 si
2059 2069 2263 2133 etiam
2288 2091 2468 2132 nunc
2492 2068 3014 2149 perspiciuntur,
3040 2075 3300 2133 certum

753 2182 851 2240 est
887 2198 1049 2239 vera
1084 2176 1452 2256 magnique
1493 2178 1818 2240 momenti
1857 2175 2324 2255 phaenomena
2364 2173 2825 2239 demonstrari.

669 2266 676 2273 ’
839 2282 1024 2355 Quae
1075 2282 1503 2362 profecimus,
1557 2282 1867 2345 adhibita
1916 2282 2197 2344 materia
2249 2303 2486 2361 parum
2538 2287 2714 2360 apta,
2767 2282 2851 2346 ad
2902 2281 3292 2346 methodum

746 2395 1046 2452 nostram
1071 2385 2029 2467 comprobandamplurimum
2051 2385 2272 2450 valere
2297 2385 2630 2450 videntur.
2659 2386 2880 2459 Quare
2903 2410 2979 2450 ea
3004 2409 3293 2451 summa-

752 2496 877 2558 tim
906 2494 1201 2558 notanda
1231 2494 1611 2558 censuimus
1639 2516 1652 2570 ;
1687 2494 1983 2572 primum
2012 2491 2282 2572 quidem
2316 2515 2484 2572 quae
2516 2493 2600 2558 ad
2632 2493 2890 2573 copiam
2923 2494 3291 2559 incolarum

750 2606 1073 2680 spectant.

836 2706 1404 2770 Distributionem
1468 2705 1931 2769 multitudinis
2000 2707 2071 2768 in
2137 2704 2465 2768 Valachia
2530 2710 2852 2793 tanquam
2919 2706 3290 2785 generatim

747 2814 1047 2876 intuenti
1087 2818 1413 2892 apparent
1455 2810 1623 2874 duae
1664 2834 1865 2875 zonae
1908 2811 2265 2875 crebritate
2307 2834 2567 2875 summa
2609 2812 2983 2876 incolarum
3028 2814 3285 2893 conspi-

748 2941 934 2996 cuae,
977 2941 1263 2999 quarum
1307 2941 1444 2981 una
1485 2918 1819 2982 montium
1860 2918 2027 3000 juga
2070 2918 2364 2997 stringit,
2409 2918 2621 2983 altera
2664 2919 2721 2984 it
2761 2924 3027 2999 praeter
3068 2920 3286 3001 ripam

750 3025 1070 3091 Danubii.
1111 3026 1337 3089 Minor
1373 3025 1747 3089 incolarum
1784 3025 1974 3104 copia
2013 3025 2342 3104 reperit-ur
2381 3026 2449 3089 in
2491 3025 2749 3090 duabus
2788 3027 2991 3104 zonis,
3034 3027 3290 3090 scilicet

749 3131 819 3194 in
856 3130 1217 3209 montibus,
1257 3137 1323 3194 et
1361 3132 1433 3194 in
1470 3130 1798 3210 planitie3
1837 3130 2123 3194 minima
2162 3136 2387 3194 autem
2428 3131 2497 3194 in
2538 3132 2789 3210 campis
2827 3131 3287 3207 orientalibuS,

745 3234 1156 3300 herbiferam
1194 3235 1628 3300 solitudinem
1665 3234 2190 3313 ostendentibus,
2228 3236 2346 3315 qui
2383 3234 2702 3299 dicuntur
2744 3262 2775 3295 «
2819 3238 3123 3323 Baragan
3160 3262 3190 3296 »
3222 3245 3288 3303 et

746 3368 776 3403 α
816 3341 1125 3406 Terrasse
1163 3343 1253 3409 du
1289 3342 1519 3406 Buzeu
1550 3368 1598 3406 n.

830 3448 928 3511 Ea
955 3449 1096 3527 jam
1124 3454 1320 3512 antea
1349 3456 1426 3513 ut
1454 3448 1853 3513 verisimilia
1883 3449 2282 3526 notavimus,
2315 3471 2466 3512 cum
2496 3449 2689 3513 nobis
2720 3453 2986 3513 tantum
3017 3450 3288 3529 cognita

744 3560 887 3618 erat
915 3559 1196 3618 naturae
1227 3554 1531 3618 condicio
1561 3556 1630 3617 in
1660 3553 1943 3617 diversis
1973 3553 2359 3632 regionibus
2389 3553 2773 3632 Valachiae,
2806 3560 2873 3617 et
2900 3578 3053 3619 cum
3083 3557 3286 3619 mira-

741 3660 982 3724 bamur
1013 3658 1312 3724 eamdem
1344 3682 1546 3739 prope
1580 3665 1912 3738 repertam
1946 3683 2084 3723 esse
2120 3659 2489 3722 incolarum
2524 3659 2780 3739 copiam
2817 3661 2887 3723 in
2921 3662 3285 3741 provinciis

744 3772 1000 3846 partem
1068 3766 1363 3846 aliquam
1434 3765 1774 3830 montium
1838 3764 2433 3844 complectentibus
2506 3771 2703 3845 atque
2777 3767 2847 3830 in
2920 3767 3284 3847 provinciis

741 3894 1007 3951 campos
1047 3872 1435 3935 tenentibus
1459 3872 1503 3935 1.

827 3977 964 4041 Cur
1001 3978 1296 4040 maxima
1338 3976 1710 4041 incolarum
1748 3975 1941 4056 copia
1977 3977 2176 4055 juxta
2215 3976 2383 4040 imas
2424 3978 2756 4041 montium
2797 3976 3054 4043 radices
3094 4001 3281 4058 repe-

743 4083 974 4159 riatur,
1028 4104 1262 4146 causae
1312 4082 1627 4146 videntur
1677 4105 1816 4147 esse
1867 4082 2217 4162 plurimae,
2273 4083 2355 4147 ad
2408 4089 2722 4147 naturam
2771 4084 3140 4164 physicam,
3197 4083 3281 4148 ad

741 4189 1239 4266 commercium,
1281 4188 1484 4251 etiam
1525 4186 1609 4251 ad
1647 4187 1999 4252 historiam
2038 4189 2469 4268 pertinente&

825 4293 1042 4374 Regio
1080 4294 1262 4357 enim
1299 4294 1598 4371 collium,
1634 4295 1994 4374 praecipue
2033 4295 2106 4357 in
2144 4301 2333 4374 pasrte
2371 4295 2712 4360 montibus
2749 4297 3080 4377 proxima,
3121 4303 3279 4362 ante

737 4408 989 4467 ceteras
1050 4400 1438 4466 hominibus
1500 4400 1930 4481 frequentata
1992 4408 2060 4465 et
2118 4400 2450 4468 Rumanis
2512 4402 2695 4466 culta
2753 4402 2909 4467 suit.
2972 4402 3281 4483 Namque

736 4508 1041 4573 omnium
1070 4530 1296 4572 rerum
1326 4508 1518 4588 copia
1546 4508 1865 4588 suppetit,
1898 4508 2184 4574 cultores
2214 4508 2335 4572 alii
2366 4530 2449 4572 ex
2478 4509 2667 4574 silvis
2697 4515 2763 4574 et
2791 4511 3058 4590 pascuis
3087 4531 3275 4574 mon-

793 4794 842 4844 1.
877 4794 936 4843 E.
972 4806 1040 4845 DE
1069 4792 1397 4846 MARTONNE.
1429 4793 1506 4846 La
1538 4794 1860 4847 Ronmanic.
1899 4795 1984 4847 Gr.
2018 4795 2435 4860 Encyclopedie.

3068 5743 3225 5762 mnsam.
3274 5727 3315 5762 Ξῖ
3338 5737 3449 5762 *λι
3552 5643 3610 5763 A
