3720 5875
1820 603 2162 663 -30—

725 765 911 829 locus
950 764 1375 844 significatur
1411 763 1617 826 rubro
1653 761 2030 842 pallidiore,
2071 761 2331 840 quoties
2371 760 2523 839 plus
2566 782 2768 839 quam
2809 761 3050 839 quinta
3087 784 3263 841 pars,

725 871 925 934 rubro
976 870 1358 933 intensiore.

811 989 914 1052 Ea
946 995 1109 1065 arte,
1144 1010 1314 1068 quae
1349 988 1625 1051 omnino
1656 1009 1832 1051 nova
1863 987 2019 1063 fuit,
2054 988 2280 1065 imago
2312 986 2669 1065 praebetur
2702 985 2896 1050 valde
2932 984 3261 1063 miranda,

721 1094 1123 1177 spraesertim
1174 1116 1326 1158 cum
1377 1092 1798 1157 callidissimi
1847 1093 2128 1156 artificis
2173 1115 2380 1156 manu
2430 1092 2770 1156 delineata
2817 1093 2923 1156 sit.
2977 1091 3107 1156 Sed
3155 1093 3261 1156 illi

724 1199 1035 1265 methodo
1077 1201 1252 1264 inest
1292 1198 1765 1280 gravissimum
1807 1198 2075 1276 vitium,
2116 1206 2198 1263 ut
2236 1221 2406 1277 quae
2449 1197 2755 1262 adhiberi
2797 1206 3088 1278 nequeat
3127 1200 3262 1263 nisi

725 1308 799 1373 in.
830 1308 1057 1387 regnis
1090 1307 1211 1372 ubi
1246 1329 1481 1370 census
1518 1307 1613 1369 ita
1649 1311 1837 1370 actus
1874 1307 1963 1369 sit
1995 1311 2072 1368 ut
2108 1304 2468 1368 discrimen
2504 1305 2624 1369 fiat
2661 1304 2840 1368 inter
2872 1311 3046 1368 artes
3080 1306 3263 1369 vitae

722 1414 807 1476 ab
846 1412 1083 1478 incolis
1119 1412 1422 1478 usitattaS.
1463 1411 1611 1475 Hoc
1648 1412 1828 1474 enim
1869 1408 2319 1474 dictitandum
2365 1435 2378 1473 ε
2420 1409 2816 1475 methodum
2853 1432 3054 1489 quam
3095 1410 3262 1474 libet

722 1541 858 1582 non
889 1519 1105 1584 solum
1136 1517 1444 1597 prodesse
1476 1515 1652 1597 quod
1684 1522 1925 1581 exacta
1954 1517 2061 1592 sit,
2095 1514 2207 1580 sed
2239 1517 2443 1580 etiam
2478 1516 2652 1595 quod
2687 1516 3020 1580 versatilis
3054 1517 3144 1580 sit
3173 1516 3258 1580 ad

724 1622 1141 1703 indagandas
1175 1622 1549 1703 complures
1585 1646 1659 1684 ac
1692 1624 1914 1685 varias
1948 1622 2270 1701 regiones.

806 1742 1233 1822 Principium
1279 1764 1411 1822 quo
1455 1742 1673 1805 utitur
1718 1740 2109 1805 Sandlerius
2154 1741 2306 1805 aliis
2354 1742 2844 1820 objectionibus
2890 1742 3255 1806 obnoxium

721 1855 836 1914 est.
864 1849 1047 1912 Num
1071 1847 1429 1912 discrimen
1456 1848 1634 1911 inter
1654 1848 1982 1926 agricolas
2006 1855 2072 1912 et
2096 1871 2202 1914 eos
2227 1847 2344 1926 qui
2369 1870 2562 1926 agros
2584 1871 2720 1911 non
2745 1849 2978 1912 colunt
2999 1853 3258 1911 rectum

718 1963 818 2020 est
856 1963 922 2020 et
958 1957 1193 2035 utique
1232 1962 1541 2018 exactum
1566 1955 1596 2016 f>
1638 1955 1878 2019 Nonne
1915 1953 2250 2033 agricolae
2289 1961 2820 2033 mercatoresque
2861 1961 2927 2017 et
2966 1954 3257 2018 artifices

718 2060 1191 2140 eommunibus
1231 2062 1520 2139 negotiis
1563 2061 1742 2123 inter
1781 2084 1850 2124 se
1891 2061 2239 2140 conjuncti
2283 2061 2490 2124 sunt?
2533 2061 2868 2138 Regiones
2912 2060 3093 2124 enim
3137 2060 3256 2123 ubi

717 2166 1111 2231 mechanica
1145 2167 1435 2230 artificia
1470 2166 1711 2230 florent
1748 2166 2203 2245 suburbiaque
2243 2188 2644 2244 magnarum
2682 2164 2956 2229 urbium
2998 2187 3257 2245 semper

717 2275 932 2354 magis
974 2275 1405 2353 frequentata
1445 2279 1603 2336 sunt
1644 2274 1852 2336 etiam
1895 2272 1978 2335 ab
2022 2271 2563 2350 agricultoribus
2615 2272 2794 2334 Num
2841 2277 3086 2336 natura
3127 2278 3257 2334 ter-

716 2402 943 2444 rarum
999 2379 1268 2443 attracti
1325 2385 1480 2442 sunt
1524 2379 1553 2439 Ρ
1606 2417 1694 2424 —-
1743 2400 1984 2457 parum
2039 2377 2405 2439 verisimile
2460 2376 2745 2440 videtur.
2804 2379 3019 2456 Agros
3076 2378 3257 2439 enim

716 2487 944 2549 colunt
974 2483 1339 2549 secundum
1371 2490 1546 2546 artes
1573 2484 1945 2562 peculiares
1974 2491 2038 2547 et
2065 2481 2595 2546 accommodatas
2625 2482 2708 2546 ad
2735 2484 2992 2546 victum
3024 2483 3256 2545 multi-

713 2590 971 2656 tudinis
1011 2591 1326 2654 urbanae.

801 2709 989 2772 Idem
1025 2710 1307 2788 scriptor
1338 2707 1719 2786 arguendus
1752 2707 1928 2786 quod
1961 2707 2217 2771 duobus
2251 2706 2463 2771 modis
2495 2731 2627 2772 non
2662 2707 2960 2788 ejusdem
2995 2708 3257 2786 generis

714 2817 786 2878 in
845 2814 1075 2886 eadem
1132 2814 1362 2877 tabula
1418 2819 1957 2892 repraesentatur
2012 2814 2470 2877 habitantium
2527 2812 2934 2878 distributio.
2997 2813 3256 2876 Partim

715 2921 897 2985 enim
932 2919 1416 3000 agricultorum
1453 2918 1641 2999 copia
1677 2917 2193 2994 demonstratur,
2229 2919 2476 2998 partim
2515 2942 2835 2983 numerus
2869 2942 3097 2983 eorum
3134 2920 3252 2998 qui

716 3050 908 3106 agros
940 3049 1072 3089 non
1102 3026 1348 3089 colunt.
1381 3024 1527 3103 Quo
1555 3026 1631 3088 fit
1659 3029 1737 3087 ut
1766 3025 1992 3102 imago
2016 3024 2373 3104 paululum
2407 3024 2750 3089 incondita
2778 3024 3106 3101 videatur,
3138 3024 3257 3087 ubi

715 3132 1040 3196 attentius
1074 3153 1221 3194 eam
1254 3131 1557 3194 intueris.
1596 3129 1767 3194 Cum
1799 3130 1873 3192 in
1904 3130 2072 3193 vicis
2105 3130 2407 3194 minimis
2441 3132 2756 3195 nonnulli
2790 3131 3100 3196 habitent
3133 3132 3251 3210 qui

711 3244 929 3301 terrae
966 3236 1279 3302 colendae
1315 3259 1448 3300 non
1485 3234 1642 3300 dent
1683 3258 1975 3315 operam,
2012 3236 2209 3298 lineis
2247 3236 2462 3315 nigris
2498 3235 2580 3299 ad
2619 3236 2858 3300 horum
2897 3259 3255 3299 numerum

713 3341 1351 3423 repraesentandum
1399 3341 1618 3407 ductis
1665 3342 2037 3421 significari
2081 3340 2349 3406 videtur
2396 3343 2889 3406 incrementum
2939 3343 3250 3407 multita-

713 3448 892 3515 dinis
934 3448 1138 3529 (quod
1174 3447 1445 3528 quidem
1479 3448 1761 3511 minime
1795 3470 2031 3511 verum
2066 3449 2219 3525 est).
2258 3448 2590 3526 Longiore
2625 3455 2922 3529 tempore
2959 3471 3122 3528 opus
3157 3454 3256 3512 est-

717 3563 795 3620 ut
830 3578 1165 3618 assuescas
1199 3554 1451 3618 talibus
1489 3554 1664 3618 notis
1700 3554 2069 3621 attribuere
2106 3577 2331 3617 veram
2371 3555 2957 3633 significationem,
2998 3556 3253 3619 scilicet

716 3658 921 3724 situm
970 3660 1264 3724 locorum
1312 3658 1788 3722 habitatorum.

802 3779 994 3853 Quod
1031 3777 1117 3842 ad
1151 3779 1353 3843 silvas
1387 3778 1702 3856 pertinet,
1743 3777 2133 3842 Sandlerius
2171 3801 2279 3843 eas
2319 3781 2592 3845 omnino
2631 3782 3009 3860 segregavit
3046 3782 3252 3845 etiam

711 3886 1050 3948 minimas,
1092 3884 1292 3947 Hanc
1328 3906 1469 3946 rem
1511 3906 1780 3946 assensu
1820 3884 2248 3963 comprobare
2286 3906 2419 3948 non
2458 3907 2829 3964 possumus,
2869 3908 3256 3965 quanquam

717 3990 1088 4055 incolarum
1126 3989 1315 4068 copia
1358 3988 1460 4067 (4)
1500 3989 1595 4051 eis
1630 3988 2046 4053 attribuitur.
2086 3989 2267 4063 Quid
2300 3997 2525 4054 autem
2563 3990 2643 4055 de
2680 3994 2933 4072 campis
2969 3991 3250 4055 humen-

715 4095 902 4159 tibus
952 4094 1523 4174 pmlustribusque,
1572 4095 1683 4159 vel
1737 4093 1818 4157 de
1868 4096 2054 4175 jugis
2106 4098 2440 4161 montium
2497 4097 2652 4161 alt-is
2707 4097 3097 4177 agendum?
3149 4098 3251 4162 Ea

715 4223 974 4281 quoquo
1007 4200 1419 4280 segreganda
1451 4202 1709 4278 statuit,
1742 4202 1936 4281 utqui
1973 4202 2379 4282 principium
2412 4204 2747 4283 prolatum
2781 4226 3039 4284 semper
3070 4204 3255 4283 sequi

716 4329 851 4370 non
884 4304 1163 4371 dubitet.
1199 4306 1305 4369 Ad
1338 4304 1821 4371 ostendendum
1854 4309 2035 4371 enim
2068 4308 2398 4388 quomodo
2432 4309 2499 4373 id
2533 4311 2678 4374 fieri
2712 4313 2921 4391 possit
2953 4311 3253 4376 instituit

713 4411 1019 4475 tabulam
1073 4410 1433 4474 minimam
1485 4434 1654 4491 quae
1711 4412 2108 4478 inscribitur
2161 4442 2188 4477 α
2253 4416 2705 4497 Vertheilung
2759 4417 2876 4481 der
2931 4418 3251 4482 Bevolke-

716 4540 894 4597 rung
944 4518 1015 4579 in
1068 4517 1481 4582 Bezirksamt
1532 4518 1909 4583 Garmisch.
1963 4520 2280 4587 Masstab.
2337 4523 2418 4585 l:
2476 4524 2809 4586 500.000»
2869 4532 2934 4589 et
2985 4525 3105 4588 illa
3154 4546 3254 4587 re-

717 4624 983 4704 gionem
1034 4630 1423 4687 montanam
1475 4625 1928 4704 amplectitur,
1977 4627 2415 4707 tabulamque
2464 4630 2789 4708 majorem
2841 4656 2869 4691 cx
2902 4630 3256 4709 Objektive

715 4730 921 4794 Karte
957 4729 1073 4793 der
1107 4729 1559 4810 Vertheilung
1594 4731 1710 4795 der
1746 4731 2423 4798 ackerbautreibende
2461 4735 2933 4817 Bevolkerung
2974 4739 3042 4801 in
3083 4737 3254 4800 Her-

716 4842 989 4915 zogtum
1025 4835 1420 4918 Oldenburg
1454 4837 1751 4903 Masstab
1790 4841 1823 4903 l
1872 4864 1886 4903 x
1927 4840 2223 4905 500.000.
2264 4867 2293 4902 n
