3720 5875
1468 632 1813 696 -51-

378 799 629 866 manici
658 825 687 860 ι
735 794 1007 860 modulo
1051 793 1083 856 1
1120 817 1132 856 ε
1175 791 1474 869 200000,
1514 790 1890 854 delineatae
1927 788 2013 853 ab
2053 785 2422 852 Academia
2459 808 2631 868 quae
2671 785 2923 852 dicitur

382 935 410 968 ι
472 903 836 970 Institutul
884 901 1149 964 Militar
1199 897 1605 979 geographie
1654 898 1719 961 al
1770 897 2098 974 Armatei.
2153 922 2185 958 ι
2241 895 2378 961 Eas
2424 895 2694 960 tabulas
2743 896 2922 960 inter
2996 909 3000 913 '

383 1014 671 1093 optimas
719 1006 1171 1073 numerandas
1215 1011 1553 1086 putamus,
1601 1002 1777 1083 quod
1826 1004 2179 1067 institutae
2225 1003 2507 1067 fuerunt
2553 999 2921 1066 secundum

382 1118 652 1183 tabulas
692 1114 962 1179 modulo
1008 1115 1041 1176 1
1093 1137 1107 1175 :
1155 1111 1423 1186 50.000;
1467 1111 1662 1174 nobis
1705 1109 1976 1189 quidem
2021 1131 2215 1187 saepe
2259 1110 2428 1173 utile
2471 1108 2928 1188 praebuerunt

388 1223 724 1287 auxilium
785 1219 868 1284 ad
929 1216 1364 1282 absolvendas
1424 1215 1785 1281 nonnullas
1847 1214 2294 1279 difficultates.
2359 1214 2638 1278 Tabulis
2700 1218 2927 1277 autem

389 1326 659 1392 modulo
690 1327 723 1388 1
760 1350 773 1388 :
805 1325 997 1389 50.00
1022 1345 1510 1402 nonnunquam
1537 1323 1641 1386 usi
1670 1344 1921 1398 sumus,
1951 1344 2120 1400 quae
2151 1321 2473 1386 hactenus
2503 1318 2724 1384 editae
2751 1325 2928 1384 sunt.

476 1432 769 1496 Tabulas
824 1437 1049 1494 autem
1107 1427 1523 1508 supradictas
1581 1426 1934 1492 ediderunt
1990 1433 2258 1491 tantum
2313 1427 2526 1506 partis
2583 1424 2930 1490 orientalis

393 1540 686 1619 regionis
710 1537 927 1601 dictae
952 1562 981 1597 «ι
1016 1534 1392 1599 Muntenia.
1412 1561 1441 1596 ι
1472 1534 1745 1598 Partem
1770 1533 2052 1597 alteram
2078 1533 2475 1597 Munteniae
2499 1538 2567 1598 et
2588 1532 2933 1612 regionem

397 1644 645 1708 dictam
687 1671 715 1704 ι
769 1642 1041 1707 Oltenia
1085 1668 1114 1703 ι
1164 1640 1442 1706 scrutati
1489 1663 1739 1717 summ,
1783 1641 2146 1720 insumptis
2188 1639 2440 1704 tabulis
2483 1660 2654 1719 quae
2698 1638 2933 1702 inscri-

397 1753 651 1815 buntur
690 1776 718 1809 ι
756 1749 974 1812 Harta
1014 1746 1365 1828 padurilor
1391 1745 1742 1810 »'modulo
1781 1747 1814 1808 1
1851 1770 1864 1808 ι
1909 1745 2206 1810 200000.
2248 1744 2546 1809 Tabulae
2586 1766 2741 1809 vero
2783 1744 2940 1808 illae

402 1855 774 1919 delineatae
810 1861 966 1919 sunt
1001 1852 1365 1918 secundum
1399 1853 1667 1916 tabulas
1701 1850 1972 1916 modulo
2014 1852 2047 1913 1
2083 1875 2096 1914 :
2136 1851 2414 1915 300.000
2447 1849 2533 1915 ab
2568 1850 2944 1914 Austriacis

404 1960 615 2026 editas
664 1969 729 2025 et
775 1959 1042 2026 tabulas
1092 1957 1362 2023 modulo
1413 1959 1495 2020 l:
1548 1957 1780 2022 57.600
1829 1962 2099 2021 auctore
2150 1955 2420 2037 Fligely
2447 1958 2491 2020 ¹.
2544 1955 2693 2030 Quo
2741 1956 2820 2020 fit
2868 1961 2947 2021 ut

406 2068 617 2132 multo
646 2067 926 2130 minoris
954 2066 1154 2145 pretii
1185 2066 1337 2128 sint.
1371 2062 1568 2128 Unde
1597 2063 1787 2128 nobis
1817 2084 2010 2142 saepe
2039 2067 2472 2126 occurrerunt
2504 2060 2944 2127 incommoda.

406 2173 804 2255 Aptioribus
833 2194 988 2235 vero
1017 2171 1269 2235 tabulis
1299 2171 1402 2234 uti
1434 2168 1958 2249 haudquaquam
1991 2169 2254 2233 licebat.
2397 2253 2422 2267 ⁸

495 2280 824 2344 Numeros
890 2277 1298 2358 sumpsimus
1363 2299 1447 2340 ex
1512 2299 1713 2340 censu
1779 2274 2012 2339 habito
2077 2298 2301 2339 mense
2368 2274 2706 2340 decembri
2770 2297 2947 2340 anno

413 2384 1196 2458 MDCGCLXXXXIX,
1228 2384 1346 2463 qui
1376 2382 1679 2448 nondum
1706 2382 1926 2449 editus
1956 2389 2073 2447 est.
2107 2383 2399 2447 Tabulas
2428 2405 2636 2447 manu
2668 2383 2951 2463 scriptas

415 2493 605 2558 nobis
650 2492 899 2557 obtulit
941 2505 1389 2570 excerpenoas
1436 2489 1878 2552 libentissime
1922 2487 2346 2552 doctissimus
2390 2489 2495 2551 vir
2538 2486 2837 2564 Colescu,
2884 2489 2956 2551 in

416 2599 639 2662 officio
677 2598 872 2677 cujus
911 2602 1112 2677 caput
1151 2603 1248 2660 est
1286 2594 1594 2676 quodque
1634 2593 1884 2658 dicitur
1924 2621 1952 2654 ι
1991 2595 2323 2660 Serviciul
2361 2595 2714 2658 statisticei
2759 2616 2956 2674 gene-

418 2704 576 2767 rale.
605 2730 634 2765 ι

508 2810 759 2874 Census
811 2807 1231 2889 supradictus
1281 2830 1416 2871 non
1465 2807 1682 2871 solum
1734 2808 2234 2872 recentissimus
2285 2814 2405 2884 est,
2454 2829 2691 2871 verum
2742 2808 2960 2888 magis

424 2923 654 2982 exacte
692 2924 758 2982 et
794 2915 1047 2997 majore
1086 2937 1249 2979 cura
1281 2920 1470 2978 actus
1508 2920 1608 2978 est
1644 2936 1849 2994 quam
1888 2936 2116 2980 omnes
2153 2919 2352 2979 antea
2393 2939 2407 2991 ;
2448 2914 2624 2979 sicut
2660 2936 2743 2979 ex
2783 2936 2959 2980 com-

423 3023 772 3088 mentariis
812 3023 1066 3087 Colesci
1105 3022 1479 3101 perspicere
1516 3022 1675 3085 licet
1702 3023 1747 3087 ².

516 3129 666 3193 Non
724 3126 996 3208 quidem
1057 3128 1140 3190 ab
1200 3128 1384 3190 omni
1441 3126 1954 3206 reprehensione
2013 3133 2201 3192 tutus
2261 3135 2377 3192 est.
2441 3128 2742 3208 Paginae
2802 3151 2968 3207 quas

429 3235 797 3299 evolvimus
865 3255 1090 3296 mense
1160 3232 1521 3313 septembri
1592 3232 1950 3296 MDCCCO
2023 3233 2088 3296 in
2163 3234 2327 3297 urbe
2397 3233 2763 3298 Bucuresci
2832 3256 2967 3298 non

433 3363 659 3405 omnes
718 3338 1108 3405 emendatae
1169 3344 1382 3414 erant,
1440 3344 1509 3404 et
1565 3339 1948 3402 invenimus
2007 3339 2364 3418 aliquoties
2421 3360 2734 3404 numeros
2792 3338 2975 3404 haud

434 3452 666 3510 rectos.
708 3447 1051 3521 Attamen,
1092 3466 1247 3508 cum
1288 3444 1640 3523 regionum
1683 3466 1872 3508 areas
1911 3445 2072 3509 satis
2112 3450 2418 3524 patentes
2458 3445 2976 3521 instituerimus,

440 3573 574 3615 non
626 3552 857 3631 magni
909 3549 1222 3631 ponderis
1277 3550 1748 3615 existimamus
1801 3573 2054 3616 errores
2107 3551 2225 3632 qui
2279 3574 2363 3615 ex
2415 3574 2491 3615 eo
2543 3553 2971 3632 proveniunt.

440 3655 776 3721 Videlicet
811 3679 944 3720 non
984 3658 1268 3738 majores
1306 3679 1444 3720 esse
1482 3663 1758 3737 possunt
1794 3680 1999 3737 quam
2038 3680 2290 3723 errores
2327 3659 2550 3722 effecti
2592 3659 2663 3722 in
2702 3681 2974 3739 compu-

439 3761 645 3827 tando
676 3785 863 3829 areas
894 3764 1279 3843 regionum3
1311 3764 1599 3827 forsitan
1629 3769 1695 3827 et
1726 3764 1845 3828 alii
1879 3786 2031 3827 cum
2064 3763 2216 3829 aliis
2248 3770 2778 3844 compensentur.

530 3869 955 3950 Quapropter
995 3893 1128 3933 non
1171 3869 1631 3933 dubitavimus
1674 3892 1988 3934 numeros
2032 3893 2292 3935 sumere
2336 3894 2422 3935 ex
2463 3893 2685 3948 censu,
2731 3870 2979 3936 nedum

443 3975 834 4040 methodum
888 3974 1356 4041 adhiberemus
1406 3976 1491 4044 ab
1543 3982 1811 4040 auctore
1868 3975 2150 4040 Sturdza
2201 3978 2453 4042 usitata
2505 3979 2576 4041 in
2629 3976 2851 4045 studio
2902 3975 2985 4043 de

446 4104 725 4146 numero
773 4081 1145 4145 incolarum
1195 4082 1388 4160 regni
1440 4081 1820 4145 Rumaniae
1869 4082 2074 4145 variis
2120 4081 2557 4162 temporibus.

534 4187 976 4251 Doctissimus
1000 4187 1180 4250 enim
1204 4187 1320 4251 ille
1342 4189 1662 4252 scientiae
1687 4186 2081 4251 divitiarum
2106 4189 2390 4268 scriptor
2415 4190 2984 4269 computationem

449 4292 633 4369 fecit,
662 4292 992 4357 rationem
1019 4292 1277 4372 agendo
1306 4294 1573 4357 numeri
1600 4298 1869 4357 tantum
1898 4316 2130 4360 eorum
2160 4296 2278 4375 qui
2307 4296 2672 4377 vectigalia
2699 4297 2987 4362 solvunt.

516 4507 559 4556 1.
597 4505 987 4559 Generalkarle
1027 4520 1136 4558 von
1176 4508 1644 4571 centvm-Europa
1683 4510 1709 4559 1
1758 4522 1768 4559 :
1808 4509 2028 4560 300.000.
2075 4510 2254 4561 wien.
2297 4509 2993 4573 Militar-geographisches

453 4580 778 4707 ἑηεξέυὸῑόΟ-θ-
798 4582 1003 4706 gnaris
1031 4583 1315 4707 Yomaniei
1345 4584 1523 4646 tiparit
1549 4585 1604 4633 in
1630 4583 2028 4633 stabilimentul
2057 4585 2302 4634 artisticu
2331 4584 2444 4634 allu
2471 4584 2548 4634 lui
2574 4584 2630 4635 C.
2660 4584 2991 4646 Szathmary

518 4668 528 4704 :
620 4694 629 4703 .
756 4696 766 4707 .
847 4669 1039 4707 ucares
1068 4697 1078 4707 .

518 4740 566 4789 2.
605 4743 1051 4795 Recensamintul
1085 4747 1310 4808 general
1346 4746 1397 4794 al
1432 4745 1810 4807 populatiunei
1850 4744 2136 4794 Romaniei
2171 4745 2265 4795 din
2301 4744 2599 4795 Decembre
2631 4745 2771 4795 1899.
2811 4745 3000 4796 Rezul-

462 4818 570 4867 tate
606 4820 897 4879 provisor-ii
933 4831 1001 4870 cu
1036 4832 1070 4869 o
1108 4820 1454 4870 introducere
1491 4820 1558 4870 de
1596 4818 1839 4870 LssoxmA
1876 4817 2144 4878 Coossw,
2183 4817 2325 4880 serul
2362 4819 2677 4869 serviciului
2715 4819 3000 4872 stetisticei

462 4891 719 4953 generale
756 4892 1058 4954 Bucuresti‚
1095 4894 1233 4946 1900.
