3720 5875
1306 1217 2068 1316 CONCLUSIO

509 1701 696 1773 Quae
749 1699 1089 1764 consecuti
1144 1721 1374 1763 sumus
1428 1698 1725 1763 multum
1778 1697 2008 1763 valent
2063 1695 2150 1762 ad
2204 1695 2769 1778 comprobandam
2821 1718 2961 1761 me-

419 1805 704 1871 thodum
739 1827 779 1869 a
813 1805 1003 1869 nobis
1036 1806 1387 1886 prolatam.

509 1912 748 1975 Artem
791 1932 947 1974 vero
988 1911 1360 1991 perfectam
1404 1910 1915 1990 absolutamque
1959 1933 2080 1975 1108
2127 1909 2460 1975 invenisse
2507 1933 2644 1976 non
2689 1915 2961 1975 conten-

421 2017 680 2094 dimus;
734 2017 902 2098 quin
953 2018 1159 2082 etiam
1212 2016 1599 2086 dubitamus
1652 2039 1815 2081 num
1869 2016 1994 2081 hoc
2045 2016 2192 2081 fieri
2242 2017 2470 2098 possit.
2526 2015 2964 2083 Incommoda

419 2122 733 2189 methodo
795 2124 1225 2188 inhaerentia
1285 2122 1709 2190 dissimulare
1775 2146 1910 2188 non
1973 2124 2407 2201 tentavimuS‚
2473 2123 2961 2204 fatendumque

419 2231 861 2312 praecipuum
906 2229 1405 2296 incommodum
1453 2253 1536 2294 ex
1582 2253 1656 2295 eo
1699 2230 2072 2310 provenire,
2121 2229 2300 2310 quod
2344 2229 2505 2294 satis
2550 2235 2817 2294 exactos
2862 2251 2961 2293 re-

423 2337 700 2417 gionum
737 2336 1156 2401 naturalium
1191 2336 1358 2400 fines
1393 2336 1797 2400 constituere
1833 2335 2104 2400 difficile
2141 2342 2257 2400 est.

507 2442 694 2508 Illud
737 2450 969 2508 tamen
1014 2442 1502 2519 contendimus,
1549 2449 1691 2528 arte
1737 2465 1777 2506 a
1821 2442 2011 2507 nobis
2055 2442 2319 2523 prolata
2360 2442 2635 2507 facilius
2679 2442 2962 2523 reperiri

422 2572 655 2617 causas
694 2545 1197 2614 distribuendae
1237 2548 1700 2614 multitudinis
1741 2572 1914 2628 quae
1952 2547 2037 2612 ad
2075 2548 2556 2629 geographiam
2595 2549 2958 2630 pertinent.

425 2656 692 2735 Quippe
718 2656 1082 2719 statisticae
1110 2655 1430 2720 scientiae
1455 2654 1847 2719 methodum
1873 2656 2093 2736 magis
2116 2678 2317 2735 quam
2347 2657 2551 2720 ceteri
2578 2656 2674 2735 rej
2685 2656 2958 2732 icimus;

423 2783 812 2842 quanquam
861 2762 1117 2826 auxilio
1165 2762 1352 2827 illius
1400 2761 1719 2826 scientiae
1769 2762 2041 2827 omnino
2094 2784 2315 2827 carere
2364 2784 2498 2827 non
2546 2767 2753 2842 potes,
2804 2760 2963 2825 dum

421 2866 970 2933 distributionem
1009 2868 1385 2932 incolarum
1423 2870 1709 2932 scrutari
1746 2869 1869 2932 vis.

507 2976 637 3044 Ars
675 2998 830 3040 vero
870 2982 1100 3041 nostra
1134 2975 1416 3041 fortasse
1456 2975 1683 3040 minus
1724 2981 1963 3040 exacta
2000 2975 2311 3041 videatur
2351 2998 2553 3056 quam
2597 2975 2964 3040 nonnullae

421 3088 624 3147 antea
654 3084 942 3147 usitatae
977 3088 1171 3146 artes.
1208 3082 1462 3146 Verum
1498 3104 1816 3161 quaerere
1851 3083 2031 3160 licet,
2065 3105 2229 3146 num
2265 3105 2497 3147 revera
2531 3081 2698 3148 adeo
2731 3089 2962 3147 exacte

422 3212 526 3253 res
571 3190 1058 3270 exprimantur,
1103 3188 1211 3253 vel
1257 3189 1461 3252 etiam
1507 3187 1757 3252 utendo
1803 3186 2116 3253 methodo
2161 3212 2369 3269 quam
2414 3189 2854 3254 callidissima
2897 3195 2964 3254 01

422 3293 843 3358 difficillima.
892 3295 1154 3372 Nonne,
1197 3293 1360 3358 dum
1404 3300 1616 3359 certas
1659 3317 2005 3359 mensuras
2050 3287 2366 3374 consequi
2410 3295 2748 3373 nituntur,
2795 3296 2961 3359 ima-

424 3402 652 3480 ginem
700 3423 853 3464 cum
900 3423 1062 3466 vera
1107 3400 1648 3482 geographorum
1691 3400 1919 3465 indole
1965 3403 2191 3466 minus
2242 3407 2722 3480 congruentem
2771 3423 2961 3482 prae-

424 3507 636 3570 bent?
673 3546 761 3555 -—
798 3506 984 3571 Illud
1019 3508 1163 3589 jam
1203 3508 1466 3588 saepius
1506 3506 1940 3583 ostendimus,
1979 3508 2246 3573 tabulas
2285 3531 2439 3572 vere
2481 3507 2962 3588 geographicas

422 3635 559 3677 non
586 3613 865 3676 formari
893 3636 1102 3694 posse,
1130 3615 1261 3679 11181
1290 3613 1549 3694 aliquid
1577 3614 1885 3680 libidinis
1914 3615 2075 3680 insit
2106 3616 2178 3679 in
2207 3621 2350 3679 arte
2377 3613 2703 3680 adhibita.

508 3719 855 3783 Postremo
879 3718 1230 3785 methodus
1255 3743 1457 3800 quam
1482 3722 1891 3802 protulimus
1915 3744 1989 3786 eo
2012 3721 2407 3802 praesertim
2432 3722 2652 3801 potior
2673 3719 2961 3800 videtur,

423 3824 600 3905 quod
641 3826 762 3889 illa
800 3827 902 3890 uti
941 3833 1126 3907 potes
1165 3832 1250 3890 ad
1286 3827 1786 3908 perspiciendas
1825 3829 2131 3909 regiones
2172 3829 2245 3892 in
2284 3828 2528 3909 quibus
2568 3850 2785 3909 neque
2826 3828 2960 3892 ins-

421 3931 668 3996 titutus
707 3938 805 3996 est
845 3955 1158 4011 agrorum
1199 3956 1433 3999 census
1481 3934 1629 4015 (qui
1668 3934 1876 4014 vulgo
1916 3933 2168 3999 dicitur
2207 3934 2567 4014 eadmer-e),
2607 3957 2822 4015 neque
2860 3940 2962 3999 ta.-

421 4038 620 4102 bulae
646 4038 1209 4120 chorographicae
1232 4041 1368 4121 maj
1378 4063 1487 4104 ore
1511 4040 1802 4107 modulo,
1826 4041 2158 4105 Valachia
2179 4041 2474 4120 exempli
2498 4063 2697 4105 causa
2723 4040 2963 4105 referri

421 4151 657 4225 potest.
696 4147 758 4210 N
763 4169 849 4211 on
883 4146 1413 4211 obliviscendum
1449 4154 1547 4212 est
1580 4154 1828 4225 autem,
1864 4147 2257 4212 methodum
2291 4146 2377 4212 ad
2412 4149 2962 4229 investigationes

424 4257 649 4331 aptam
680 4274 814 4316 non
845 4253 1063 4316 solum
1089 4253 1312 4318 valere
1344 4252 1519 4333 quod
1551 4259 1786 4319 exacta
1813 4252 2144 4332 videatur,
2174 4276 2408 4318 verum
2440 4251 2618 4333 quod
2647 4253 2968 4318 flexibilis

424 4358 511 4422 sit
550 4356 635 4422 ad
674 4357 1173 4439 investigandas
1212 4359 1542 4440 plurimas
1585 4361 1890 4441 regiones
1932 4358 2438 4426 condicionibus
2481 4359 2791 4426 diversas.
