3720 5875
1547 620 1894 684 -41—

447 781 752 845 tabulam
812 781 1356 847 Transsilvaniae
1413 778 1878 852 instruendam
1906 782 1951 858 ¹,
2012 780 2328 845 similiter
2384 786 2452 846 et
2505 779 2846 859 Langeius
2905 776 2992 844 ad

448 885 755 951 tabulam
784 887 981 967 regni
1011 886 1344 952 Saxoniae
1368 889 1416 951 2.
2342 952 2350 959 ,

537 991 722 1066 Quin
750 999 817 1058 et
847 993 989 1073 ipse
1019 992 1304 1074 Gloyius
1331 994 1637 1059 tabulam
1666 994 1923 1074 majore
1954 991 2226 1058 modulo
2258 992 2490 1057 eadem
2522 997 2666 1057 arte
2695 991 2991 1057 delinea-

446 1104 641 1164 verat
661 1100 708 1164 ³.
742 1099 987 1166 Postea
1014 1101 1411 1166 Ambrosius
1441 1101 1515 1165 in
1541 1100 1781 1166 tabula
1808 1098 1890 1166 de
1920 1123 2055 1182 qua
2080 1101 2224 1182 jam
2255 1122 2457 1181 supra
2486 1099 2788 1165 diximus
2818 1100 2987 1165 Bus-

450 1206 697 1272 ohickii
754 1212 970 1272 artem
1029 1206 1360 1286 adhibuit,
1419 1231 1655 1272 verum
1714 1230 1900 1272 areas
1959 1208 2485 1288 municipiorum
2548 1206 2994 1274 adumbrabat

451 1312 781 1378 coloribus
832 1312 918 1378 ad
969 1314 1343 1379 incolarum
1395 1314 1657 1395 copiam
1707 1313 2228 1379 accommodatis
2249 1314 2294 1378 ⁴.

536 1418 916 1484 Fatendum
957 1419 1228 1500 quidem
1271 1429 1371 1486 est
1404 1420 1577 1485 tales
1613 1421 1881 1485 tabulas
1922 1421 2158 1488 ceteris
2201 1421 2452 1486 tabulis
2493 1420 2992 1501 anteponendas

451 1550 589 1592 esse
618 1527 976 1607 praecipue
1010 1525 1206 1607 quod,
1241 1527 1611 1592 incolarum
1650 1527 1913 1607 copiam
1946 1528 2151 1593 simul
2184 1535 2250 1593 et
2283 1527 2554 1593 modum
2590 1550 2724 1608 quo
2755 1527 2991 1592 domus

451 1633 857 1713 glomeratae
911 1641 1071 1699 sunt
1120 1630 1561 1711 ostendenteS,
1613 1632 1778 1698 duas
1831 1634 2248 1713 cognitiones
2301 1634 2374 1698 in
2424 1656 2631 1698 unam
2683 1635 2987 1700 miscent.

449 1740 761 1804 Alterum
803 1737 990 1804 adest
1027 1740 1451 1805 commodum
1484 1765 1498 1804 ε
1546 1740 1853 1805 aufertur
1891 1740 2261 1808 difficultas
2303 1763 2380 1806 ea
2421 1739 2508 1806 ad
2545 1740 2745 1808 urbes
2785 1741 2990 1822 perti-

449 1868 635 1923 nens,
674 1868 843 1926 quae
879 1845 1205 1911 hactenus
1245 1846 1727 1927 impedimento
1765 1847 1921 1911 fuit.

533 1952 860 2017 Attamen
905 1951 1188 2017 dubium
1235 1959 1335 2018 est
1379 1975 1544 2018 num
1594 1953 1751 2018 illae
1797 1953 2071 2021 tabulae
2120 1957 2572 2035 expresserint
2616 1956 2986 2035 perfectam

450 2060 739 2140 speciem
771 2059 1160 2124 tabularum
1195 2062 1463 2141 proprie
1499 2060 2103 2141 geographicarum
2135 2060 2224 2125 ad
2259 2059 2722 2126 multitudinis
2758 2063 2984 2128 distri-

448 2165 793 2231 butionem
825 2167 1297 2247 spectantium.

534 2274 865 2350 Primum,
915 2272 1041 2338 hoc
1092 2272 1590 2338 incommodum
1642 2275 1950 2341 inhaeret
1999 2275 2103 2338 illi
2155 2272 2490 2348 methodO,
2541 2273 2714 2353 quod
2768 2273 2990 2337 studio

450 2401 679 2443 earum
738 2386 1006 2443 tantum
1065 2380 1415 2459 regionum
1476 2379 1782 2444 adhiberi
1842 2386 2081 2460 potest,
2142 2381 2213 2444 in
2272 2381 2517 2460 quibus
2577 2403 2711 2444 non
2772 2381 2989 2444 solum

448 2469 717 2552 tabulae
755 2481 1319 2566 chorographicae
1357 2508 1619 2550 summa
1658 2485 2013 2551 sedulitate
2052 2495 2119 2553 et
2155 2488 2451 2551 maximo
2487 2485 2761 2551 modulo
2798 2488 2988 2550 insti-

448 2599 634 2657 tutae
665 2593 822 2668 sint,
854 2591 968 2657 sed
1000 2592 1205 2657 etiam
1240 2615 1476 2658 census
1508 2583 1603 2656 ita
1635 2592 1908 2658 habitus
1944 2602 2021 2660 ut
2051 2599 2316 2673 praeter
2349 2593 2721 2657 incolarum
2754 2616 2987 2657 nume-

449 2721 597 2761 rum
648 2698 973 2778 cujusque
1021 2696 1379 2778 municipii
1431 2696 1737 2763 ostendat
1784 2706 1947 2778 quot
1994 2698 2298 2766 homines
2349 2700 2418 2762 in
2472 2699 2757 2778 singulis
2806 2700 2989 2763 villis

446 2804 772 2869 habitent.
813 2803 1029 2877 Quam
1065 2827 1215 2868 raro
1251 2805 1325 2868 in
1356 2809 1673 2884 promptu
1711 2805 1845 2868 sint
1879 2804 2053 2867 talia·
2084 2802 2334 2868 indicia
2373 2804 2532 2869 satis
2572 2811 2988 2884 compertum

449 2915 563 2976 est.
607 2910 847 2975 Nonne
889 2909 1172 2991 Gloyius
1215 2911 1355 2992 ipse
1396 2916 1670 2992 questus
1711 2907 2029 2991 est-quod
2071 2911 2145 2975 in
2185 2909 2537 2976 breviariis
2577 2933 2712 2975 non
2753 2911 2990 2991 utique

448 3018 780 3082 inveniret
820 3018 1222 3084 necessarios
1260 3018 1626 3082 numeros?

533 3123 792 3189 Deinde
837 3122 1106 3189 tabulas
1154 3123 1570 3205 supradictas
1617 3145 1899 3204 arguere
1947 3124 2178 3204 possis,
2226 3123 2407 3205 quod
2455 3126 2828 3190 incolarum
2878 3148 2983 3191 co-

446 3231 630 3311 piam
653 3248 901 3311 patrum
928 3231 1105 3295 clare
1133 3230 1536 3311 significent.
1569 3230 1738 3295 Eam
1767 3231 1951 3296 enim
1979 3230 2507 3311 haudquaquam
2534 3237 2722 3311 potes
2752 3238 2984 3297 exacte

448 3337 835 3401 existimare
881 3336 1248 3401 seeundum
1296 3335 1669 3417 imaginem
1713 3337 2031 3413 oblatam,
2079 3336 2192 3401 sed
2238 3360 2623 3402 mensuram
2671 3338 2985 3419 effingere

449 3445 704 3524 cogeris
728 3449 1084 3524 postquam
1112 3443 1455 3508 schemata
1479 3444 1732 3507 usitata
1756 3443 2163 3523 singillatim
2191 3451 2260 3510 et
2285 3444 2585 3509 maxima
2613 3468 2778 3509 cura
2804 3468 2985 3510 scru-

447 3557 628 3613 tatus
669 3551 818 3614 eris.
864 3551 1011 3615 Hoc
1052 3551 1194 3630 jam
1238 3550 1515 3615 notabat
1556 3548 2078 3621 Friederichiu8‚
2119 3546 2289 3612 tales
2332 3547 2618 3623 tabulas,
2662 3550 2786 3612 etsi
2832 3557 2989 3613 sunt

448 3677 649 3736 quam
691 3655 1245 3733 absolutissimae,
1287 3678 1526 3736 parum
1566 3656 1789 3719 valere
1830 3654 1918 3719 a‘d
1958 3656 2332 3719 incolarum
2375 3655 2637 3735 copiam
2680 3653 2983 3720 demons-

445 3761 755 3826 trandam
795 3789 823 3822 «
871 3762 981 3826 Sie
1018 3761 1258 3827 liefern
1293 3761 1447 3826 kein
1484 3762 1852 3841 greifbares
1891 3761 2048 3825 Bild
2086 3760 2202 3826 der
2238 3760 2381 3826 sich
2416 3783 2547 3826 von
2584 3762 2707 3826 Ort
2742 3784 2823 3826 zu
2861 3762 2986 3827 Ort

447 3867 892 3933 abstufenden
938 3867 1392 3943 Volksdichte,
1440 3867 1724 3934 sondern
1769 3891 1901 3933 nur
1944 3890 2111 3947 vage
2155 3868 2626 3947 Schatzungen
2673 3867 2985 3946 ermogli-

447 3974 614 4039 chen
645 3978 686 4039 ⁶.
724 4000 754 4036 ι

531 4083 813 4164 Gloyius
857 4083 998 4163 ipse
1041 4081 1341 4147 tabulam
1387 4083 1727 4163 propriam
1772 4105 1906 4146 non
1951 4088 2146 4147 vocat
2191 4107 2218 4143 α
2255 4082 2460 4147 Karte
2506 4079 2622 4147 der
2665 4080 2986 4148 Bevolke-

507 4310 549 4359 1.
586 4309 649 4361 Α.
677 4310 1035 4361 PETERMANN.
1067 4286 1232 4361 Kdrte
1260 4311 1358 4361 der
1385 4311 1769 4374 Bes-olkerung
1798 4310 2246 4373 Siebenbnrgens
2274 4311 2385 4360 Pet.
2418 4312 2575 4371 aliti..
2605 4311 2744 4371 1857,
2777 4313 2870 4364 tar.
2902 4313 2979 4364 25.

503 4397 550 4449 2.
584 4398 741 4449 Atlas
767 4411 877 4449 von
907 4398 1174 4458 Saclffien,
1203 4399 1342 4457 1866,
1375 4399 1501 4449 tarel
1530 4400 1575 4450 8.

505 4484 550 4536 3.
584 4485 647 4536 A.
680 4484 847 4535 Gnma
882 4486 1134 4547 Beitrae'ige
1163 4499 1261 4535 zur
1289 4472 1803 4547 Siedelt'mgskunde
1836 4488 2302 4548 Nordalbingiens
2334 4487 2556 4536 Forsch.
2590 4501 2634 4537 z.
2671 4489 2732 4537 D.
2763 4488 2983 4538 Laudes

445 4561 558 4609 und
594 4560 972 4619 Volkskunde‚
1009 4561 1148 4617 1892,
1187 4574 1276 4623 pp.
1316 4560 1520 4611 277-316
1555 4575 1681 4611 cum
1724 4561 1912 4611 tabula
1956 4574 1968 4610 ε
2007 4563 2171 4611 Karte
2209 4562 2306 4612 der
2343 4562 2854 4625 Siedelungsdichte
2891 4563 2983 4614 mr

442 4636 600 4685 einen
632 4635 956 4686 Ausschnitt
988 4648 1090 4686 aus
1122 4635 1699 4697 Schlesuffg-llolstein
1731 4638 1755 4685 1
1799 4651 1809 4685 :
1841 4636 2062 4687 200.000.

504 4723 551 4773 4.
585 4723 921 4776 Amnflosms.
955 4724 1309 4775 Volksdiohte
1339 4725 1453 4775 und
1483 4724 1852 4786 Siedelungen
1884 4736 1976 4773 am
2007 4723 2365 4776 Niederrhein
2396 4726 2422 4776 1
2459 4736 2473 4775 τ
2500 4725 2720 4783 15Ο.000,
2755 4725 2856 4775 loc.
2891 4726 2979 4776 cit.

444 4810 548 4934 Κὸ.
587 4813 929 4938 Ι·“1111)111)11101118.9
930 4814 1025 4863 Die
1050 4813 1377 4874 Dichtigkeit
1401 4814 1498 4864 der
1519 4812 1906 4874 Bevolkerung
1929 4813 2004 4862 im
2032 4811 2559 4875 Regierungsbezirk
2585 4812 2809 4875 Danzig.
2837 4814 2979 4864 Diss.

491 4888 648 4948 onias
692 4900 807 4950 era,
928 4890 975 4938 5.
