3720 5875
1554 620 1855 682 --5-u

525 783 799 846 Etenim
846 804 929 844 ex
972 780 1327 844 breviariis
1374 802 1565 859 quae,
1615 779 1988 843 incolarum
2039 801 2242 842 censu
2287 779 2539 855 habite,
2583 778 2858 859 publice
2905 780 2977 843 in

434 912 675 953 manus
708 888 1062 952 hominum
1097 885 1366 964 dantur,
1401 886 1666 951 credere
1698 885 1910 967 possis
1945 886 2197 951 incolas
2233 885 2464 950 eadem
2499 887 2761 951 ratione
2794 908 2976 967 spar-

436 1019 542 1060 sos
577 1018 718 1060 esse
751 1018 871 1076 per
906 1001 1118 1060 totam
1157 994 1579 1076 superficiem
1620 995 1948 1074 cujusque
1983 994 2388 1074 provinciae.

529 1101 912 1166 Statisticae
943 1101 1261 1165 scientiae
1286 1099 1661 1181 discipulus
1687 1123 1765 1164 ea
1791 1123 1862 1164 re
1892 1106 2246 1165 contentus
2273 1106 2390 1176 est,
2419 1107 2774 1180 propterea
2800 1101 2977 1181 quod

432 1208 631 1279 nulla
673 1208 811 1273 alia
851 1208 1403 1289 percunctatione
1447 1213 1618 1286 eget,
1665 1229 1817 1272 cum
1866 1207 2290 1272 exactissime
2336 1207 2578 1272 certior
2621 1206 2843 1273 factus
2890 1207 2979 1273 sit

440 1339 592 1380 cum
628 1315 708 1380 de
741 1339 897 1380 area
928 1321 1075 1380 tum
1110 1314 1191 1379 de
1225 1316 1596 1379 incolarum
1632 1338 1916 1378 numero
1948 1314 2020 1377 in
2053 1321 2388 1377 terrarum
2425 1321 2614 1393 parte
2650 1312 2975 1394 quadam;

435 1421 861 1504 geographus
902 1427 1134 1486 contra
1177 1419 1355 1502 quod
1397 1421 1549 1486 vult
1588 1443 1725 1486 11011
1767 1421 1989 1485 habet.
2038 1421 2215 1486 Nam
2256 1419 2443 1485 videt
2484 1421 2705 1486 varias
2751 1420 2975 1485 distri-

437 1527 744 1594 buendae
776 1527 1238 1593 multitudinis
1271 1528 1562 1593 rationes
1596 1527 1909 1593 collocari
1941 1528 2016 1592 in
2047 1528 2228 1592 zonis
2261 1527 2544 1592 minime
2576 1528 2975 1608 pertinenti-

370 1629 375 1634 ’
440 1636 564 1700 bus
597 1634 681 1699 ad
712 1636 1011 1715 spatium
1040 1657 1172 1715 quo
1204 1635 1423 1715 reipsa
1457 1637 1911 1699 continentur.

526 1741 839 1806 Alterum
865 1742 1249 1821 exemplum
1279 1741 1526 1805 referre
1549 1742 1763 1822 juvat,
1790 1748 1868 1805 ut
1893 1741 2488 1806 accommodatum.
2518 1742 2604 1805 In
2632 1768 2662 1804 (ι
2696 1741 2976 1806 Annua-

437 1850 540 1912 rio
581 1847 928 1912 Statistico
962 1848 1258 1912 Ita-liano
1295 1871 1416 1929 per
1454 1847 1820 1912 1889-1890
1857 1871 1922 1926 p.
1964 1848 2046 1912 64
2089 1874 2117 1909 n
2166 1848 2568 1924 invenimus,
2609 1842 2977 1912 secundum

436 1978 710 2019 censum
746 1956 815 2018 in
853 1977 1029 2019 anno
1067 1954 1229 2018 1881
1268 1954 1548 2030 factum,
1586 1954 1960 2018 incolarum
1997 1975 2353 2017 numerum
2392 1954 2511 2033 qui
2547 1955 2619 2018 in
2655 1977 2975 2034 quacum-

440 2084 569 2142 que
610 2059 957 2141 provincia
1000 2060 1247 2124 Italiae
1284 2060 1597 2124 habitant
1639 2061 1709 2123 in
1749 2060 1918 2124 locis
1955 2082 2242 2139 quorum
2286 2058 2579 2124 altitudo
2615 2061 2840 2125 minor
2878 2066 2979 2126 est

437 2190 637 2248 quam
675 2166 818 2244 100,
851 2166 977 2231 200
1010 2189 1098 2231 m.
1135 2173 1260 2232 etc.
1295 2165 1762 2246 Geographiae
1796 2172 2024 2230 autem
2059 2167 2343 2245 scriptor
2377 2167 2452 2232 O.
2491 2166 2840 2231 Μαι-1110111
2876 2189 2975 2232 sa-

433 2273 700 2355 pienter
726 2272 1207 2337 animadvertit
1233 2295 1316 2337 ex
1345 2273 1597 2337 talibus
1627 2274 1928 2337 numeris
1957 2272 2134 2336 nihil
2164 2270 2247 2335 ad
2277 2293 2418 2336 rem
2449 2272 2618 2336 utile
2649 2277 2913 2337 exstare
2960 2297 2974 2350 ;

432 2380 687 2461 quippe
721 2379 1094 2444 incolarum
1128 2402 1448 2444 numerus
1483 2381 1699 2444 solum
1736 2380 1805 2443 in
1840 2379 2128 2460 singulis
2161 2378 2528 2459 provinciis
2560 2379 2975 2457 enuntiatur,

432 2486 630 2550 nulla
656 2487 1155 2552 existimatione
1183 2485 1494 2550 adhibita
1520 2485 1600 2550 de
1631 2487 1846 2565 spatio
1878 2486 1950 2550 in
1979 2508 2112 2565 quo
2141 2486 2282 2549 loca
2314 2484 2559 2549 altiora
2587 2490 2706 2549 aut
2734 2483 2975 2549 demis-

435 2592 610 2658 siora
635 2592 1301 2657 circumscribuntur.
1330 2592 1437 2656 Ex
1464 2615 1596 2674 quo
1623 2591 2055 2671 consequitur
2080 2596 2157 2656 ut
2184 2613 2410 2655 veram
2440 2591 2815 2656 incolarum
2843 2590 2975 2656 dis-

432 2698 872 2763 tributionem
912 2699 1195 2780 ejusque
1229 2721 1462 2763 causas
1498 2699 1762 2763 novisse
1798 2698 2082 2763 minime
2118 2698 2336 2762 liceat.
2377 2697 2468 2762 Et
2505 2698 2667 2777 ipse,
2703 2699 2979 2779 propria

435 2805 971 2885 geographorum
1014 2802 1331 2869 methodo
1367 2810 1712 2885 usurpata,
1756 2804 2050 2869 insulam
2095 2803 2395 2869 Siculam
2439 2803 2688 2869 dividit
2727 2804 2801 2869 in
2841 2809 2976 2870 tres

436 2917 658 2993 partes
695 2934 980 2993 quarum
1019 2911 1241 2992 prima
1276 2911 1641 2976 acclivibus
1679 2911 1841 2977 locis
1878 2912 2168 2976 vertitur
2202 2910 2287 2976 aid
2323 2934 2509 2977 mare
2547 2911 2840 2989 Ionium,
2880 2935 2976 2976 se-

437 3018 659 3083 cunda
684 3018 768 3083 ad
795 3018 1388 3093 Mediterraneum,
1416 3020 1621 3083 tertia
1646 3018 1731 3083 ad
1758 3019 2203 3098 Tyrrhenum,
2234 3021 2305 3083 in
2336 3041 2758 3100 quacumque
2785 3026 2979 3100 parte

433 3125 771 3190 infimiora
802 3132 867 3189 et
897 3125 1139 3190 altiora
1167 3125 1312 3189 loca
1340 3124 1655 3190 flexuosis
1684 3125 1885 3190 lineis
1916 3123 2324 3189 delimitavit
2355 3130 2441 3203 et,
2472 3147 2630 3190 area
2656 3148 2974 3193 zonarum

436 3254 591 3295 cum
617 3231 990 3295 incolarum
1020 3254 1298 3296 numero
1326 3232 1589 3308 collata,
1615 3230 1995 3294 incolarum
2026 3233 2286 3311 copiam
2315 3232 2732 3297 existimavit
2759 3234 2802 3296 ¹.

519 3336 628 3401 Ex
662 3337 746 3402 iis
781 3336 1108 3418 exemplis
1143 3344 1209 3403 et
1244 3335 1826 3402 dissertationibus
1865 3336 2038 3402 illud
2073 3337 2456 3416 colligimus
2501 3362 2515 3402 :
2555 3336 2973 3403 distributio-

431 3465 588 3506 nem
615 3443 1012 3520 incolarum,
1040 3442 1125 3507 ad
1152 3442 1668 3524 geographicam
1700 3441 2016 3520 indolem,
2045 3466 2120 3508 eo
2149 3442 2343 3509 modo
2371 3450 2641 3509 tantum
2670 3444 2974 3509 demons-

433 3549 569 3611 tari
612 3571 822 3629 posse,
870 3572 1003 3629 quo
1044 3572 1204 3613 vera
1248 3572 1400 3612 area
1449 3551 1520 3612 in
1568 3572 1702 3628 qua
1746 3572 2205 3629 quaecumque
2253 3549 2613 3628 peculiaris
2661 3550 2973 3615 habitan-

434 3657 611 3718 tium
673 3654 1062 3719 distributio
1122 3656 1470 3719 invenitur
1526 3655 1963 3729 delimitetur,
2026 3660 2094 3718 et
2154 3676 2384 3717 causas
2446 3655 2541 3718 rei
2603 3656 2979 3735 perspicere

437 3762 656 3826 liceat.

431 4037 461 4115 ἓ
494 4035 555 4099 2.
590 4074 677 4085 --
710 4034 809 4099 De
845 4034 1232 4100 notionibus
1268 4033 1357 4098 ad
1388 4033 1936 4101 distributionem
1971 4033 2347 4099 incolarum
2381 4034 2973 4101 demonstrandam

1500 4141 1900 4221 excoyitatis

517 4345 907 4410 Incolarum
949 4366 1311 4411 numerum
1354 4346 1428 4411 in
1472 4345 1761 4426 singulis
1804 4345 2194 4425 regionibus
2260 4344 2577 4411 docemur
2642 4346 2973 4425 censibus,

432 4449 547 4518 sed
583 4452 866 4516 minime
904 4451 1279 4518 incolarum
1320 4450 1887 4519 distributionem.
1931 4451 2149 4525 Quam
2191 4452 2247 4517 si
2287 4456 2521 4517 exacte
2555 4453 2821 4519 novisse
2859 4477 2972 4519 cu-

430 4557 600 4636 pies,
639 4556 982 4622 notionem
1023 4555 1340 4622 adhibere
1380 4558 1732 4637 oportebit,
1775 4560 1969 4639 cujus
2011 4559 2267 4623 auxilio
2308 4560 2615 4639 regiones
2651 4561 2806 4641 plus
2847 4561 2971 4624 mi-

497 4796 545 4845 1.
582 4796 644 4847 O.
699 4797 1028 4847 MAmxssLLt.
1083 4798 1158 4847 La
1212 4797 1602 4849 distribuzione
1657 4800 1984 4850 altimetrica
2036 4800 2180 4851 della
2231 4802 2594 4864 popolazione
2647 4801 2708 4852 in
2759 4801 2964 4853 Sicilia.

432 4870 553 4919 Riv.
588 4872 779 4933 Geoqr.
810 4871 951 4933 Ital.‚
982 4873 1020 4931 1,
1049 4874 1187 4933 1893,
1219 4886 1309 4936 pp.
1340 4875 1561 4924 114-110.
