3720 5875
1534 579 1882 644 —63—

438 740 510 803 in
573 739 905 803 mensuris
974 736 1174 802 dictis
1241 763 1270 798 α
1307 738 1625 814 hectares‚
1658 764 1686 799 x·
1755 758 2162 816 numeroque
2232 759 2539 815 expresso
2612 737 2984 802 incolarum

438 868 792 909 numerum
822 842 1103 919 divides,
1138 844 1509 908 incolarum
1539 844 1795 924 copiam
1828 843 2130 907 invenies
2160 846 2307 908 400.
2342 842 2592 906 n'adem
2626 850 2765 908 arte
2795 843 2983 907 urbis

441 950 720 1014 Graiova
752 949 1022 1013 videtur
1057 970 1196 1012 esse
1232 949 1602 1012 incolarum
1640 950 1830 1027 copia
1866 948 1987 1012 8οΣ

525 1054 719 1120 Adde
754 1055 928 1135 quod
968 1055 1038 1117 in
1075 1053 1414 1119 suburbiis
1450 1076 1641 1133 saepe
1677 1054 1913 1117 domus
1950 1052 2389 1117 aedificantur
2425 1060 2490 1117 et
2527 1054 2986 1133 glomerantur

442 1160 673 1226 eadem
704 1161 962 1224 ratione
994 1166 1192 1239 atque
1225 1160 1295 1222 in
1325 1160 1512 1237 vicis,
1544 1158 1782 1223 incolis
1815 1158 2108 1223 indolem
2141 1165 2208 1222 et
2238 1158 2751 1225 consuetudines
2784 1161 2983 1223 rusti-

443 1289 672 1331 corum
714 1265 1139 1331 habentibus,

529 1541 625 1605 II.
671 1579 761 1588 —
802 1540 1115 1602 Alterum
1185 1539 1598 1618 principium
1660 1560 1744 1600 ex
1811 1538 2394 1602 dissertationibus
2465 1561 2667 1618 supra
2734 1540 2986 1603 habitis

444 1647 918 1726 excerpsimuS,
954 1642 1132 1723 quod
1166 1643 1510 1719 Behmius‚
1545 1650 1610 1706 et
1645 1643 2012 1721 Ratzelius,
2046 1644 2297 1722 aliique
2331 1645 2471 1723 jam
2509 1645 2684 1708 clare
2720 1669 2985 1725 expres-

445 1757 676 1815 serunt
722 1774 735 1811 :
781 1750 935 1813 Non
973 1747 1202 1811 eadem
1244 1748 1393 1825 lege
1433 1749 1534 1811 uti
1574 1748 1732 1812 licet
1772 1747 1856 1811 ad
1897 1748 2376 1826 computandos
2420 1750 2670 1814 incolas
2711 1750 2986 1815 urbium

445 1856 516 1917 in
581 1853 789 1917 variis
855 1854 1097 1931 regniS.
1169 1852 1442 1914 Etenim
1513 1852 1584 1914 in
1653 1853 2001 1915 nonnullis
2069 1853 2457 1931 regionibus
2525 1854 2724 1918 urbes
2790 1854 2986 1919 valde

445 1959 912 2039 frequentatae
947 1979 1170 2020 aream
1206 1979 1484 2036 parvam
1518 1963 1783 2033 tenent3
1822 1956 2112 2019 aliarum
2149 1958 2499 2035 regionum
2536 1957 2734 2022 urbes
2773 1959 2987 2022 multo

446 2065 774 2128 minorem
808 2062 1180 2127 incolarum
1213 2063 1470 2142 copiam
1503 2062 1845 2142 praebent,
1881 2064 2129 2142 quippe
2161 2085 2329 2142 quae
2364 2064 2499 2129 alio
2531 2065 2725 2129 modo
2759 2064 2987 2128 aedifi-

448 2177 634 2233 catae
677 2170 954 2234 fuerint.
1005 2169 1232 2232 Etiam
1280 2170 1349 2230 in
1400 2168 1633 2232 eadem
1677 2168 1948 2247 regione
1996 2169 2210 2248 major
2256 2171 2333 2231 fit
2379 2170 2754 2234 incolarum
2800 2171 2990 2249 copia

453 2278 523 2339 in
556 2276 819 2354 magnis
851 2297 1054 2354 quam
1087 2276 1157 2337 in
1191 2275 1413 2354 parvis
1449 2275 1745 2350 urbibus.

538 2381 633 2444 Iis
676 2382 886 2461 igitur
926 2381 1600 2445 commentationibus
1644 2381 1726 2444 ad
1770 2381 2263 2445 conclusionem
2306 2381 2734 2446 deducimur:

536 2485 803 2566 Optime
840 2509 1036 2566 agere
1074 2487 1404 2550 videberis
1441 2486 1521 2550 de
1560 2487 1857 2561 urbibus,
1898 2487 1953 2549 si
1991 2509 2217 2551 earum
2258 2487 2507 2551 incolas
2544 2510 2680 2550 non
2718 2488 2989 2551 omnino

447 2594 993 2671 praetermiseris,
1035 2616 1267 2655 verum
1304 2595 1566 2656 numeri
1606 2599 1871 2655 tantum
1912 2595 2241 2656 rationem
2279 2593 2538 2670 feceriS‚
2580 2594 2695 2672 qui
2735 2615 2989 2656 accom-

449 2697 756 2761 modatus
804 2697 1111 2761 videatur
1160 2698 1243 2761 ad
1293 2721 1515 2761 aream
1565 2703 1975 2777 occupatam,
2027 2703 2093 2761 et
2142 2698 2225 2761 ad
2276 2697 2566 2761 mediam
2620 2697 2989 2761 incolarum

450 2805 706 2883 copiam
737 2806 808 2868 in
838 2804 1195 2871 suburbiis.

536 2910 682 2975 Hoc
717 2932 870 2976 vero
903 2911 1324 2990 consequeris
1359 2911 1600 2975 seriem
1632 2910 1991 2991 quamdam
2025 2933 2455 2975 numerorum
2490 2910 2989 2975 deminutorum

450 3017 784 3097 fingendo,
825 3018 1194 3082 secundum
1229 3018 1561 3097 principia
1601 3041 1799 3096 supra
1838 3017 2210 3094 enuntiata,
2249 3040 2380 3097 qua
2418 3018 2628 3082 uteris
2667 3017 2749 3081 ad
2789 3018 2990 3081 corri-

450 3124 699 3202 gendos
757 3147 1065 3187 numeros
1126 3124 1585 3187 habitantimn
1642 3124 1711 3185 in
1774 3123 2070 3187 urbibus
2136 3123 2578 3187 Manifestum
2642 3129 2740 3186 est
2804 3123 2991 3186 illam

450 3231 688 3293 seriem
722 3229 1120 3292 mutabilem
1151 3229 1293 3292 fore
1328 3229 1606 3291 mutatis
1641 3229 2049 3307 regionibus,

537 3335 707 3398 Eam
735 3336 830 3398 sic
857 3335 1178 3413 fingimus
1205 3333 1288 3397 ad
1317 3333 1616 3398 studium
1649 3334 2013 3398 Valachiac
2051 3359 2063 3398 :
2098 3334 2289 3398 6000
2316 3341 2583 3399 tantum
2615 3336 2990 3399 incolarum

450 3441 885 3505 attribuimus
925 3440 1205 3506 urbibus
1245 3462 1415 3519 quae
1455 3462 1683 3502 revera
1722 3440 1874 3520 plus
1914 3462 2116 3511 quam
2158 3441 2347 3504 6000
2388 3441 2745 3520 minusque
2785 3464 2989 3519 quam

450 3547 685 3611 20000
721 3546 1090 3611 incolarum
1124 3547 1412 3622 habent3

540 3651 772 3716 10000
802 3651 1080 3716 urbibus
1111 3674 1279 3731 quae
1309 3650 1460 3731 plus
1493 3672 1692 3730 quam
1723 3652 1959 3717 20000
1994 3651 2106 3714 sed
2137 3652 2362 3715 minus
2395 3673 2594 3731 quam
2628 3652 2861 3715 00000
2890 3675 2904 3727 ;

538 3759 770 3824 15000
807 3757 1086 3822 urbibus
1123 3779 1291 3836 quae
1328 3756 1478 3837 plus
1515 3778 1716 3836 quam
1754 3758 1985 3824 60000
2025 3757 2138 3821 sed
2176 3757 2398 3821 minus
2436 3779 2635 3836 quam
2673 3759 2989 3835 20000ος

534 3864 772 3930 20000
803 3863 1083 3927 urbibus
1117 3885 1285 3943 quae
1319 3862 1470 3943 plus
1504 3885 1705 3943 quam
1739 3863 2018 3929 200000
2056 3862 2422 3927 incolarum
2461 3863 2730 3927 habent.

538 3970 930 4033 Terminum
974 3969 1285 4032 infimum
1329 3968 1519 4032 0000
1562 3968 1889 4047 elegimus
1933 3977 2009 4034 ut
2051 3969 2211 4033 satis
2254 3969 2577 4049 amplum,
2622 3971 2678 4034 si
2720 3969 2993 4049 quidem

452 4075 838 4140 conferatur
888 4098 1042 4140 cum
1092 4075 1363 4139 modulo
1414 4075 1620 4156 hujus
1669 4074 1960 4139 tabulae.
2015 4075 2199 4139 Fieri
2250 4076 2498 4156 poterit
2548 4083 2624 4140 ut
2674 4077 2990 4142 nonnulli

450 4183 756 4262 judicent
798 4183 962 4247 alios
1005 4183 1326 4246 terminos
1370 4205 1506 4245 esse
1550 4182 1852 4261 majores,
1901 4181 2113 4245 Causa
2159 4204 2313 4246 vero
2358 4205 2475 4246 cur
2518 4184 2616 4246 ita
2659 4184 2992 4262 egerimus

453 4290 613 4352 satis
660 4288 1094 4368 intellegetur
1137 4288 1713 4353 observationibus
1759 4308 1923 4367 quas
1968 4287 2106 4366 jam
2153 4287 2590 4351 disseruimus
2639 4289 2718 4352 de
2766 4289 2991 4353 condi-

452 4396 638 4459 cione
687 4395 957 4458 urbium
1007 4416 1438 4458 rumanarum
1489 4394 1569 4457 ad
1620 4394 2008 4456 memoriam
2057 4394 2401 4460 revocatis,
2453 4394 2645 4457 Adde
2694 4397 2870 4473 quod
2918 4396 2991 4458 in

452 4500 779 4577 Valachia
834 4506 991 4564 sunt
1049 4501 1182 4564 vici
1237 4497 1329 4563 'ab
1383 4498 1902 4578 agricultoribus
1961 4504 2231 4562 tantum
2291 4499 2602 4576 habitati,
2662 4501 2778 4580 qui
2839 4500 2992 4580 plus

451 4629 654 4687 quam
695 4608 885 4672 8000
932 4606 1304 4669 incolarum
1347 4605 1618 4669 habent.

536 4711 865 4775 Absoluta
934 4712 1321 4791 quaestione
1391 4711 1471 4773 de
1543 4709 1842 4785 urbibus,
1915 4732 2270 4774 numerum
2345 4711 2715 4774 incolarum
2784 4713 2991 4776 totius

451 4817 824 4883 Valachiae
876 4818 1413 4899 computavimus
1465 4815 1841 4891 3.052.869;
1898 4838 2028 4894 quo
2080 4816 2157 4879 fit
2209 4822 2285 4880 ut
2339 4817 2713 4882 incolarum
2766 4815 2991 4882 media
