3720 5875
1533 602 1878 665 —23-

439 767 617 827 trare
655 766 1108 827 tentaverunt.
1148 761 1407 827 Verum
1443 784 1642 842 opera
1678 783 1918 842 parum
1959 762 2208 826 similia
2250 761 2626 842 ediderunt,
2668 786 2820 829 cum
2862 761 2984 827 alii

438 868 786 934 modulum
826 869 1172 949 majorem,
1210 869 1331 932 aalii
1371 868 1692 945 medium,
1730 868 1850 934 alii
1890 871 2218 933 minorem
2259 871 2686 951 sumpserint.

527 986 799 1050 Primus
848 984 1160 1065 equidem
1211 985 1537 1049 Behmius
1586 987 1732 1066 ejus
1783 987 1946 1051 artis
1997 988 2380 1066 exemplum
2430 988 2616 1064 fecit,
2668 985 2834 1052 duas
2881 993 2982 1052 ta-

440 1092 634 1157 bulas
667 1094 925 1157 minore
960 1092 1231 1156 modulo
1267 1092 1659 1157 instruendo
1701 1118 1713 1156 ε
1756 1120 1783 1154 α
1827 1094 2231 1173 Verteilung
2266 1092 2382 1157 der
2416 1094 2782 1157 Menschen
2817 1094 2986 1158 iiber

442 1199 551 1265 die
590 1199 768 1264 Erde
815 1200 847 1263 1
900 1224 913 1263 z
961 1200 1364 1263 80.ΟΟΟ.ΟΟΟ.
1411 1198 1557 1263 Pet.
1601 1199 1784 1262 Mitt.
1827 1199 2426 1280 Ενῃὶἱηετιηῳῇείύ
2470 1209 2541 1264 n⁰
2584 1202 2683 1265 35.
2736 1199 2897 1265 1873
2945 1227 2976 1263 n

443 1314 512 1371 et
547 1334 576 1369 ι
624 1308 1048 1387 Dichtigkeit
1084 1306 1203 1371 der
1238 1307 1711 1386 Bevolkerung
1749 1309 1821 1371 in
1859 1308 2131 1387 Europa
2174 1309 2206 1372 1
2257 1332 2269 1371 ε
2318 1308 2700 1372 10.ΟΟΟ.ΟΟΟ
2740 1308 2900 1373 ibid.
2946 1334 2977 1370 n

440 1453 530 1464 --
575 1413 736 1477 dum
787 1415 992 1479 simul
1040 1413 1261 1479 medio
1310 1413 1581 1479 modulo
1632 1415 1951 1478 utebatur
2001 1416 2073 1478 in
2121 1415 2357 1479 tabula
2409 1442 2437 1475 ‹
2499 1412 2980 1479 Deutschland.

443 1522 844 1587 Uebersicht
869 1520 985 1585 der
1010 1522 1432 1602 Dichtigkeit
1458 1521 1575 1586 der
1599 1522 2089 1601 Bevolkerung.
2123 1523 2155 1586 1
2192 1546 2204 1585 :
2236 1520 2595 1587 3.700.000.
2626 1520 2770 1585 Pet.
2799 1520 2982 1584 Mitt.

448 1627 610 1692 1874
644 1628 811 1693 tafel
848 1629 903 1693 1.
943 1655 973 1690 n

532 1744 692 1808 Post
718 1744 976 1824 aliquot
1003 1767 1210 1809 annos
1237 1745 1418 1810 haud
1443 1747 1671 1810 minus
1696 1745 1991 1810 feliciter
2018 1768 2093 1809 ea
2122 1751 2264 1808 arte
2292 1767 2451 1808 usus
2480 1749 2582 1808 est
2606 1743 2987 1820 Liiddecke,

443 1849 748 1915 tabulam
790 1851 1224 1928 instituendo,
1265 1875 1435 1932 quae
1475 1852 1870 1915 inscribitur
1910 1878 1937 1912 α
1988 1852 2198 1915 Karte
2238 1850 2358 1915 der
2394 1850 2829 1914 Volksdichte
2870 1849 2989 1914 der

444 1957 886 2038 Vereinigten
933 1957 1210 2022 Staaten
1254 1956 1394 2022 und
1439 1982 1569 2022 von
1615 1957 1923 2032 Kanada‚
1970 1958 2091 2021 auf
2134 1955 2372 2022 Grund
2420 1955 2538 2020 der
2580 1954 2987 2034 Ergebnisse

447 2062 558 2129 des
601 2064 666 2128 X
709 2065 961 2129 Census
1010 2065 1242 2144 (1880)
1287 2071 1487 2128 unter
1529 2065 1932 2129 Ausschluss
1977 2062 2093 2126 der
2134 2064 2296 2127 Orte
2336 2063 2505 2126 iiber
2549 2062 2777 2128 10.ΟΟΟ
2820 2063 2985 2127 Ein-

446 2171 738 2237 wohner.
779 2171 1078 2236 Masstab
1121 2172 1153 2235 1
1189 2195 1203 2235 :
1245 2170 1605 2237 7.500.000.
1645 2171 1792 2236 Pet.
1829 2171 2016 2234 Mitt.
2060 2170 2224 2234 1888
2260 2170 2430 2235 tafel
2467 2170 2508 2234 8
2548 2195 2605 2234 ι).

533 2287 620 2350 In
659 2285 971 2351 omnibus
1011 2286 1152 2351 illis
1187 2287 1440 2352 tabulis
1481 2287 1606 2352 soli
1642 2288 1867 2351 varias
1903 2285 2323 2362 altitudines,
2363 2285 2668 2361 flumina,
2708 2286 2985 2364 viasque

443 2393 698 2458 ferreas
751 2392 1120 2473 descriptas
1177 2394 1456 2457 invenis.
1517 2393 1811 2458 Urbium
1871 2393 2126 2457 incolas
2181 2393 2749 2472 praetermittunt.
2811 2391 2985 2455 Beh-

443 2502 619 2565 mius
683 2499 955 2581 quidem
1024 2501 1094 2564 in
1160 2500 1398 2564 tabula
1461 2528 1489 2561 «
1564 2500 1969 2578 Verteilung
2033 2498 2152 2562 der
2215 2498 2582 2563 Menschen
2648 2498 2818 2561 iiber
2877 2497 2984 2561 die

448 2605 626 2669 Erde
666 2632 696 2667 n
741 2629 850 2670 eas
886 2607 1083 2671 urbes
1121 2607 1351 2671 omisit
1387 2629 1557 2686 quae
1593 2608 1746 2686 plus
1783 2629 1988 2686 quam
2027 2604 2261 2670 50.000
2298 2605 2675 2668 incolarum
2711 2604 2986 2681 hazbent,

450 2711 521 2776 in
564 2710 799 2776 tabula
836 2735 994 2776 vero
1037 2739 1066 2774 α
1120 2711 1604 2778 Deutschland.
1651 2712 2075 2791 Dichtigkeit
2118 2710 2234 2776 der
2277 2711 2751 2789 Bevolkerung
2794 2735 2825 2772 n
2877 2732 2987 2775 eas

447 2839 621 2897 quae
677 2818 829 2899 plus
891 2841 1093 2899 quam
1157 2819 1409 2883 10.000.
1473 2818 1615 2883 Nec
1674 2818 1875 2883 aliter
1932 2816 2307 2883 Liiddecke.
2346 2856 2436 2867 —-—
2496 2817 2989 2898 Significantur

447 2931 672 2991 autem
703 2926 904 2992 urbes
930 2925 1142 3006 signis
1172 2926 1267 2992 eis
1298 2925 1543 3007 quibus
1572 2949 1803 2990 earum
1833 2922 2237 3004 magnitudo
2263 2923 2697 3005 percipiatur.

531 3041 914 3107 Fatendum
956 3048 1057 3106 est
1101 3043 1470 3120 imaginem
1517 3043 1613 3106 ita
1656 3043 2033 3106 exhibitam
2080 3065 2233 3106 cum
2274 3063 2432 3104 vera
2477 3062 2702 3104 rerum
2743 3045 2990 3103 natura

446 3149 608 3213 satis
638 3171 1024 3224 construere,
1055 3151 1449 3228 praesertim
1483 3170 1634 3212 cum
1670 3148 2059 3212 conferatur
2087 3148 2243 3213 aliis
2273 3171 2561 3228 quarum
2594 3144 2985 3211 methodum

439 3265 662 3335 ‘nuper
695 3253 1239 3335 dijudicavimus.
1277 3255 1629 3329 Tabulam,
1665 3278 1801 3333 qua
1834 3254 2162 3318 Behmius
2200 3255 2571 3318 incolarum
2612 3254 2871 3332 copiam
2911 3253 2984 3316 in

442 3367 586 3427 toto
613 3367 944 3425 terrarum
974 3361 1136 3426 orbe
1160 3360 1451 3425 ostendit
1477 3361 1678 3425 multi
1710 3362 1963 3426 iterum
1989 3360 2363 3453 ediderunt.
2395 3367 2461 3425 et
2488 3360 2681 3424 nobis
2710 3357 2984 3438 quidem

443 3467 812 3548 optandum
855 3467 1184 3544 videatur,
1225 3474 1302 3531 ut
1346 3468 1658 3531 omnibus
1696 3467 2053 3532 breviariis
2095 3469 2451 3542 inseratur,
2495 3489 2665 3544 quae
2710 3466 2780 3528 in
2823 3487 2982 3544 pue-

445 3596 668 3638 rorum
721 3575 1030 3652 manibus
1082 3580 1451 3638 versantur.
1510 3573 1839 3637 Tabulam
1894 3595 2027 3652 qua
2076 3569 2540 3635 multitudinis
2594 3568 2987 3633 distributio

447 3680 516 3742 in
582 3679 850 3758 Europa
907 3679 1420 3754 demonstratur,
1487 3679 1712 3744 omnia
1775 3678 2013 3756 magni
2069 3677 2393 3741 momenti
2452 3676 2615 3740 satis
2679 3698 2985 3755 expresse

445 3765 762 3860 illustrat,
799 3807 971 3864 quae
1005 3808 1080 3850 eo
1115 3791 1409 3865 tempore
1446 3807 1838 3863 cognoscere
1875 3784 2140 3848 licebat.

529 3899 617 3963 Ei
648 3901 865 3979 igitur
894 3899 1026 3963 arti
1059 3923 1391 3965 summaJm
1423 3899 1695 3966 laudem
1725 3901 2060 3966 tributam
2088 3897 2414 3962 videmus.
2448 3897 2555 3962 Ea
2583 3898 2693 3962 usi
2726 3903 2886 3963 sunt
2917 3902 2985 3963 et

413 4065 417 4069 Α
445 4006 817 4070 Kettlerius
860 4004 945 4070 ad
1011 4006 1384 4070 incolarum
1452 4008 1714 4086 copiam
1782 4006 2187 4071 Germaniae
2253 4003 2842 4069 demonstrandam
2911 4004 2984 4069 in

443 4110 707 4175 Andrce
740 4111 883 4175 und
910 4109 1191 4176 Peschel
1222 4111 2195 4192 Physikalisch-Statistischer
2226 4111 2419 4176 Atlas
2450 4110 2563 4176 des
2596 4110 2985 4176 Deutschen

446 4217 692 4282 Reichs
739 4218 906 4282 tafel
956 4218 1053 4282 15.
1106 4219 1139 4281 1
1176 4241 1189 4280 :
1241 4219 1604 4294 3.000.000,
1652 4224 1720 4282 et
1762 4218 2173 4296 Wagnerius
2221 4216 2306 4281 ad
2349 4217 2618 4282 tabulas
2664 4217 2984 4281 minimas

442 4322 886 4400 instruendas),
922 4347 1093 4404 quae
1127 4323 1392 4388 Atlanti
1427 4321 1986 4402 Sv‘dow-TVayner
2022 4324 2308 4387 insertae
2345 4328 2519 4386 sunt.

529 4437 716 4511 Quae
765 4459 916 4502 cum
966 4440 1060 4502 ita
1108 4439 1265 4515 sint,
1314 4439 1438 4503 etsi
1489 4439 1856 4503 sollertiam
1904 4438 2093 4501 illam
2143 4443 2482 4502 assecutus
2530 4443 2631 4503 est
2678 4439 2981 4503 omnium

442 4545 717 4624 plausus
755 4545 902 4624 (qui
934 4551 1232 4608 ceterum
1264 4546 1334 4608 in
1366 4544 1503 4607 dies
1535 4545 1928 4621 minuitur).
1959 4551 2187 4608 tamen
2219 4568 2354 4608 non
2384 4545 2577 4608 nobis
2606 4543 2874 4608 videtur
2907 4565 2983 4609 eo

440 4649 640 4718 modo
680 4655 891 4713 artem
935 4649 1258 4731 optimam
1302 4651 1667 4726 inventam,
1710 4673 1842 4728 qua
1885 4651 2076 4730 copia
2119 4650 2493 4714 incolarum
2535 4649 2787 4714 tabulis
2830 4671 2981 4728 geo-

444 4755 783 4834 graphicis
833 4754 1344 4820 demonstretur.
1398 4756 1589 4819 Lieet
1640 4756 1818 4818 enim
1873 4755 2206 4819 sufficiens
2258 4757 2346 4819 sit
2395 4754 2479 4819 ad
2529 4755 2797 4820 tabulas
2847 4756 2982 4820 ins-

441 4858 759 4923 truendas
784 4860 1069 4925 minimo
1095 4860 1386 4938 modu10‚
1410 4861 1519 4924 vel
1545 4860 1630 4924 ad
1655 4883 1765 4924 eas
1790 4884 1963 4939 quae
1991 4862 2062 4924 in
2090 4883 2295 4924 manu
2323 4882 2684 4940 puerorum
2713 4859 2982 4940 dantur,
