3720 5875
1247 1213 1606 1300 CAPUT
1721 1215 2166 1300 PRIMUM

852 1468 943 1530 De
983 1468 1266 1532 materia
1307 1469 1614 1534 adhibita
1653 1470 1739 1533 ad
1776 1472 2049 1536 tabulas
2091 1472 2551 1537 instituendas

695 2084 725 2162 ἓ
760 2085 815 2149 1.
850 2123 939 2132 ——
969 2083 1106 2148 Cur
1146 2085 1540 2150 I‘⁷alachiam
1577 2086 1872 2166 exempli
1909 2110 2108 2150 cta-usa
2141 2090 2716 2167 assumpserimus,

524 2296 631 2359 Ad
678 2297 1149 2362 illustrandam
1195 2298 1585 2364 methodum
1632 2301 2042 2380 propositam
2089 2300 2254 2366 duas
2298 2300 2563 2366 tabulas
2611 2301 2975 2367 Valachiae

438 2403 862 2483 proferimus.

522 2508 957 2574 Arbitramur
991 2512 1173 2574 enim
1206 2534 1445 2592 parum
1481 2512 1701 2577 valere
1736 2512 2074 2594 principia
2109 2520 2174 2578 et
2208 2512 2553 2578 methodos
2589 2513 2978 2594 explicatas,

437 2617 568 2679 nisi
636 2617 946 2680 inventor
1011 2617 1152 2696 ipse
1219 2617 1524 2683 ostendat
1591 2617 1924 2697 quomodo
1988 2621 2083 2684 eis
2147 2620 2250 2685 uti
2318 2620 2537 2684 liceat.
2609 2620 2977 2700 Postquam

437 2729 663 2786 autem
710 2745 1057 2787 censuram
1103 2724 1364 2802 egimus
1408 2725 1658 2789 artium
1703 2723 1924 2789 adhuc
1969 2726 2504 2805 excogitatarum
2549 2726 2634 2790 ad
2678 2726 2977 2791 studium

436 2828 937 2894 distribuendae
988 2818 1477 2907 multitudinisJ
1521 2829 1805 2910 dignum
1855 2837 1955 2896 est
2004 2832 2243 2896 offerre
2293 2838 2505 2897 artem
2555 2834 2629 2897 in
2678 2833 2976 2898 medium

435 2934 712 2999 allatam
747 2959 917 3016 quae
952 2959 993 2999 a
1025 2935 1425 3018 geographis
1458 2943 1792 3017 pensetur.

522 3042 754 3122 Neque
787 3043 969 3106 enim
1003 3041 1467 3106 contendimus
1501 3065 1647 3107 eam
1679 3044 1764 3107 ab
1796 3047 1980 3108 omni
2013 3046 2526 3123 reprehensione
2558 3054 2779 3113 tutam
2814 3071 2970 3113 esse.

435 3147 654 3212 Immo
683 3147 1108 3213 ostendemus
1133 3149 1275 3228 jam
1304 3149 1486 3213 infra
1513 3171 1684 3229 quae
1715 3150 2137 3214 incommoda
2164 3152 2575 3232 objiciantur
2603 3176 2751 3218 eam
2781 3154 2970 3219 adhi-

433 3254 639 3319 benti.

520 3361 656 3425 Cur
694 3360 1025 3425 Valachia
1065 3362 1359 3442 exempli
1402 3384 1607 3425 causac
1643 3362 1858 3426 electa
1899 3364 2005 3439 sit,
2050 3386 2230 3428 nunc
2272 3366 2443 3430 ratio
2486 3365 2841 3431 reddenda.
2884 3406 2973 3417 -—

432 3467 533 3531 Eo
567 3466 839 3530 deducti
875 3489 1105 3531 sumus
1140 3468 1456 3547 plurimis
1491 3469 1885 3533 rationibus.

519 3572 709 3636 Adeo
745 3574 1181 3638 manifestum
1222 3581 1320 3638 est
1360 3573 1750 3638 methodum
1791 3575 2136 3639 scrutandi
2178 3576 2550 3641 incolarum
2594 3580 2854 3659 copiam
2898 3581 2971 3643 in

433 3680 820 3759 regionibus
849 3680 1272 3745 naturalibus
1301 3682 1627 3760 potiorem
1659 3704 1795 3745 esse
1826 3688 1890 3744 et
1920 3704 2080 3761 prae
2109 3684 2348 3747 ceteris
2375 3684 2460 3748 ad
2491 3683 2784 3749 indolem
2816 3708 2966 3766 geo·

433 3785 841 3866 graphorum
886 3786 1475 3864 accommodatam,
1520 3793 1595 3850 ut
1639 3787 1926 3851 forsitan
1969 3789 2233 3853 mireris
2278 3788 2454 3869 quod
2499 3813 2576 3854 ea
2621 3813 2755 3855 non
2799 3792 2971 3871 jam-

428 3891 688 3973 pridem
719 3899 1000 3957 utantur
1027 3916 1255 3957 omnes
1284 3894 1671 3973 geographi.
1706 3894 2034 3958 Nonnulli
2068 3894 2339 3975 quidem
2367 3901 2802 3963 tentaverunt
2831 3897 2967 3962 Eu-

430 4022 659 4081 ropam
687 4001 759 4063 in
783 4001 1088 4079 regiones
1113 4000 1453 4063 naturales
1481 3998 1799 4076 dividere,
1825 4023 2083 4077 verum,
2111 4003 2285 4066 sicut
2307 4003 2460 4081 jure
2489 4003 2969 4073 animadvertit

430 4105 775 4170 Ratzelius
819 4127 1083 4170 necesse
1128 4112 1296 4169 esset
1339 4105 1772 4185 partitionem
1819 4108 2037 4186 magis
2083 4107 2314 4172 exacte
2360 4107 2708 4174 definitam
2754 4135 2892 4177 esse
2920 4113 2964 4177 ¹.

430 4211 621 4275 Nihil
665 4217 889 4275 autem
934 4210 1276 4275 difficilius
1320 4234 1520 4291 quam
1565 4212 1918 4290 regionum
1963 4215 2378 4278 naturalium
2423 4238 2646 4280 aream
2692 4225 2758 4282 et
2801 4218 2967 4283 fines

428 4324 658 4383 exacte
680 4317 1070 4383 describere.
1097 4317 1372 4382 Constat
1393 4318 1517 4382 hoc
1540 4317 2023 4398 impedimento
2047 4321 2460 4400 geographos
2483 4321 2804 4389 abductos
2829 4348 2966 4389 esse

427 4424 512 4489 ab
541 4449 670 4490 usu
699 4424 999 4490 methodi
1032 4447 1236 4505 quam
1269 4426 1756 4505 proposuimus
1790 4405 1962 4489 Eam
1997 4428 2178 4491 enim
2213 4426 2531 4492 adhibere
2565 4452 2700 4494 non
2734 4433 2964 4510 possis,

428 4533 558 4596 nisi
588 4531 811 4596 studio
837 4532 1130 4611 regionis
1158 4531 1354 4611 cujus
1384 4531 1656 4609 singula
1684 4533 1968 4608 noveriS‚
1998 4555 2334 4613 quamque
2364 4542 2821 4614 perscrutatus
2853 4538 2963 4613 sis,

429 4637 895 4717 investigando
931 4662 1065 4702 non
1102 4637 1318 4703 solum
1354 4635 1685 4717 quidquid
1720 4637 2056 4716 pertineat·
2091 4637 2176 4702 ad
2211 4639 2428 4718 legem
2465 4639 2967 4707 distribuendae

486 4829 533 4877 1.
571 4827 798 4880 RA'rzm..
835 4825 1480 4890 Anthropogeographie,
1518 4825 1556 4886 1,
1592 4836 1682 4887 pp.
1719 4823 1939 4877 199-200.
2749 4893 2780 4948 4
