3720 5875
1864 609 2206 675 -28—

766 771 1231 838 multitudinis
1334 770 1794 846 inveniendae,
1900 793 2200 851 quaeque
2299 771 2785 851 chorographia
2888 771 3309 835 exactissime

769 877 1332 942 demonstrantur.
1391 877 1779 942 Cavendum
1833 901 1916 942 ne
1968 878 2356 943 tabularum
2410 878 2791 958 provincias
2846 877 3304 942 demonstran-

767 986 943 1049 tium
972 985 1254 1049 nimiam
1286 985 1732 1050 imitationem
1763 985 2103 1065 praebeas,
2132 1007 2253 1049 nee
2282 992 2509 1052 tamen
2539 984 3095 1064 chorographiam
3128 1008 3304 1048 sum-

768 1094 1006 1156 matim
1052 1089 1325 1155 reddere
1369 1092 1561 1167 licet3
1606 1113 1840 1156 verum
1886 1090 2185 1155 medium
2230 1091 2562 1171 quoddam
2605 1097 2834 1156 tenere
2878 1113 3142 1155 necesse
3187 1097 3303 1154 est.

770 1197 870 1260 Ut
897 1204 1119 1261 autem
1149 1197 1445 1261 medium
1475 1202 1724 1274 teneas,
1755 1197 1948 1262 nulla
1975 1196 2108 1261 alia
2137 1203 2322 1277 patet
2349 1199 2479 1275 via,
2512 1197 2644 1262 nisi
2673 1197 2938 1260 tabulas
2972 1198 3308 1272 instituas,

771 1301 1036 1383 quibus,
1064 1304 1241 1367 sicut
1264 1304 1335 1366 in
1358 1303 1609 1368 tabulis
1635 1304 2002 1371 Valachiahe
2029 1328 2070 1368 a
2093 1304 2284 1368 nobis
2309 1304 2609 1383 prolatis,
2636 1305 2939 1382 regiones
2965 1303 3307 1368 naturales

772 1408 1180 1473 demonstres
1208 1432 1383 1488 quae
1403 1410 1768 1490 praebeant
1795 1433 2001 1474 unam
2031 1418 2097 1475 et
2123 1409 2423 1474 eamdem
2454 1410 2782 1475 rationem
2811 1407 3311 1473 distribuendae

771 1514 1253 1579 multitudinis.

859 1634 1162 1709 Prorsus,
1223 1632 1384 1698 dum
1448 1635 1871 1715 geographus
1935 1633 2158 1700 studet
2220 1635 2537 1700 adhibere
2601 1634 2993 1700 methodum
3055 1633 3307 1700 flexuo-

775 1762 998 1803 sarum
1032 1740 1386 1818 linearum,
1422 1763 1701 1821 eamque
1735 1740 2235 1806 accommodare
2267 1741 2350 1806 ad
2383 1741 2812 1821 disciplinam
2845 1763 2999 1805 vere
3035 1763 3307 1820 geogra-

772 1845 1065 1925 phicam,
1107 1852 1185 1910 ut
1226 1870 1428 1926 quam
1474 1848 1970 1912 absolutissima
2014 1850 2120 1925 sit,
2166 1849 2470 1928 sequitur
2511 1854 2588 1912 ut
2628 1847 2711 1912 aid
2755 1848 3076 1911 ultimum
3119 1870 3312 1927 repu-

774 1951 1019 2016 dianda
1056 1951 1382 2017 videatur.
1424 1954 1580 2017 Huc
1617 1953 2052 2033 perducimur
2089 1977 2240 2018 cum
2279 1955 2543 2018 tabulas
2582 1978 2619 2018 a
2662 1953 3054 2033 Sprecherio
3092 1976 3314 2033 praes-

771 2058 1154 2124 tantissime
1185 2060 1545 2123 instructas
1576 2061 2041 2139 perspeximus
2066 2061 2080 2123 l

864 2178 1086 2243 Aliam
1152 2179 1333 2242 viam
1395 2181 1685 2244 tentavit
1751 2180 2226 2258 Neukirchius,
2293 2182 2488 2261 cujus
2549 2181 2822 2245 tabulae
2884 2204 3020 2244 non
3086 2181 3310 2244 minus

774 2284 1018 2364 dignae
1058 2292 1213 2350 sunt
1249 2308 1419 2365 quae
1459 2286 1926 2365 inspiciantur.
1967 2286 2334 2365 Principiis
2373 2287 2550 2349 enim
2593 2286 2829 2362 fultus,
2870 2309 3039 2365 quae
3078 2284 3315 2348 docent

774 2390 1286 2455 multitudinem
1324 2391 1952 2471 repraesentandam
1994 2415 2152 2466 esse,
2190 2416 2320 2472 quo
2357 2393 2502 2456 loco
2536 2415 2766 2455 revera
2803 2394 3170 2471 glomerata
3209 2393 3315 2468 sit,

776 2497 978 2562 silvas
1018 2503 1093 2560 ut
1132 2497 1598 2563 habitantibus
1639 2497 1931 2562 desertas
1974 2499 2370 2579 segregavit,
2412 2505 2478 2562 et
2520 2499 2892 2563 incolarum
2936 2499 3197 2579 copiam
3239 2501 3310 2563 in

775 2605 1163 2685 regionibus
1216 2610 1484 2668 tantum
1542 2607 1958 2685 computavit
2014 2628 2185 2685 quae
2241 2612 2469 2669 carent
2523 2606 2927 2670 nemoribus.
2964 2605 3064 2670 Eo
3118 2604 3312 2670 modo

774 2711 1079 2775 tabulam
1108 2711 1469 2776 formosam
1500 2712 1798 2776 instituit
1826 2712 2038 2791 partis
2065 2712 2477 2791 Vogesorum
2509 2713 2843 2777 montium
2875 2710 2960 2775 ad
2989 2712 3313 2777 orientem

779 2817 1161 2897 spectantiS,
1212 2816 1388 2880 unde
1442 2818 1603 2882 satis
1655 2816 1876 2882 lucide
1927 2819 2321 2898 percipitur,
2373 2818 2699 2898 quomodo
2753 2819 3011 2884 incolae
3065 2819 3311 2898 glome-

778 2930 1014 2988 rentur
1066 2923 1136 2986 in
1186 2922 1501 3000 vallibus,
1553 2930 1617 2987 et
1667 2946 1834 2988 zona
1883 2924 2304 3004 frequentior
2349 2923 2819 2990 habitantibus
2872 2924 3177 3006 subjecta
3226 2925 3314 2990 sit

779 3030 932 3093 imis
969 3029 1215 3092 montis
1252 3028 1606 3095 radicibus,
1647 3030 1812 3093 Viae
1851 3037 1918 3094 et
1951 3031 2234 3095 flumina
2271 3032 2673 3109 singillatim
2715 3037 3315 3111 repraesentantur,

780 3135 1076 3198 locorum
1125 3134 1521 3199 altitudines
1569 3133 1807 3200 docent
1852 3135 2189 3214 plurimae
2237 3137 2599 3201 rationales
2647 3138 2932 3202 litterae.
2983 3137 3201 3203 Urbes
3250 3143 3314 3203 et

776 3242 910 3303 vici
950 3240 1317 3304 secundum
1356 3242 1643 3305 formam
1684 3264 1887 3320 quam
1926 3265 2154 3305 revera
2194 3248 2543 3322 usurpant,
2584 3242 3073 3322 significantur.

868 3360 1052 3433 Quae
1106 3361 1329 3424 omnia
1383 3367 1880 3440 repraesentare
1930 3361 2197 3437 licebat,
2251 3384 2403 3425 cum
2457 3361 2692 3426 tabula
2742 3362 2997 3441 majore
3049 3358 3318 3424 modulo

779 3466 1111 3546 descripta
1153 3468 1239 3531 sit
1285 3467 1351 3544 (1
1388 3491 1401 3529 :
1449 3467 1779 3545 150.000).
1826 3467 2224 3531 Neukirchii
2264 3467 2500 3531 tabula
2540 3473 2805 3547 praeter
2846 3490 3050 3548 prope
3094 3488 3318 3532 omnes

780 3572 1107 3652 ejusmodi
1193 3572 1461 3637 tabulas
1543 3596 1697 3637 cum
1781 3596 1942 3637 vera
2025 3573 2247 3637 indole
2333 3573 2868 3653 geographorum
2956 3596 3318 3653 congruere

777 3678 1063 3743 videtur.
1150 3680 1475 3744 Attamen
1559 3677 1913 3743 methodus
1999 3678 2306 3742 adhibita
2392 3678 2815 3744 incommoda
2899 3702 3020 3743 sua
3099 3679 3314 3743 habet.

781 3787 1083 3860 Quorum
1144 3786 1585 3867 praecipuum
1649 3810 1786 3851 esse
1849 3786 2118 3849 videtur
2176 3784 2372 3865 quod,
2441 3786 2625 3850 silvis
2689 3787 3076 3865 segregatis,
3141 3768 3440 3849 inco-*-

778 3893 999 3957 larum
1061 3894 1252 3972 copia
1310 3892 1472 3956 adeo
1530 3915 1779 3971 magna
1840 3892 1937 3970 fit,
1999 3899 2074 3955 ut
2135 3914 2287 3954 cum
2351 3890 2723 3955 incolarum
2786 3894 2979 3972 copia
3037 3894 3108 3955 in
3170 3892 3321 3955 aliis

780 3998 1167 4077 regionibus
1238 4005 1625 4077 computata
1688 3999 1807 4061 vix
1877 3996 2277 4075 conferenda
2352 3999 2455 4061 sit.
2531 3997 2764 4077 Neque
2836 3998 3090 4061 infitier
3157 3999 3320 4063 alia·

780 4128 930 4169 rum
982 4112 1314 4169 terrarum
1363 4104 1628 4168 tabulas
1678 4127 1866 4184 posse
1918 4103 2149 4167 eodem
2198 4104 2534 4183 principio
2586 4104 2849 4168 instrui.
2905 4103 3321 4184 Permagnae

782 4219 1007 4275 tamen
1042 4217 1391 4275 occurrent
1423 4210 1880 4287 difficultateS,
1914 4218 1991 4275 ut
2023 4212 2160 4290 jam
2197 4232 2398 4289 supra
2430 4212 3110 4276 commemoravimus
3148 4212 3322 4275 Loca

782 4318 963 4380 enim
1003 4315 1266 4380 deserta
1298 4339 1435 4380 non
1473 4338 1731 4396 semper
1769 4339 1849 4380 ea
1886 4322 2040 4381 sunt
2080 4339 2249 4396 quae
2287 4338 2423 4381 non
2460 4318 2717 4396 possint
2755 4316 3072 4393 habitari,
3114 4319 3315 4381 immo

783 4444 954 4504 quae
1001 4445 1136 4487 non
1180 4422 1381 4486 utilia
1427 4421 1594 4486 fiant
1640 4422 1972 4502 agricolis.
2023 4422 2294 4487 Incolae
2343 4423 2461 4502 qui
2506 4445 2712 4504 prope
2759 4422 2961 4488 silvas
3007 4422 3317 4487 habitant

782 4554 867 4594 ex
918 4530 1013 4593 eis
1064 4528 1423 4593 nonnullos
1474 4530 1734 4593 h'uctus
1787 4529 2086 4593 trahunt.
2143 4529 2326 4593 Num
2379 4550 2606 4591 amnes
2659 4550 2918 4608 quoque
2971 4534 3088 4592 aut
3139 4527 3320 4591 lacus

779 4637 1034 4717 pariter
1099 4634 1491 4712 segregandi
1558 4633 1896 4708 videntur,
1963 4657 2114 4697 cum
2181 4634 2622 4713 piscatoribus
2689 4635 3101 4714 frequentati
3169 4634 3323 4709 sint,

787 4745 1124 4822 etiamque
1153 4748 1508 4822 pernotum
1544 4742 1628 4806 sit
1662 4743 1912 4807 incolas
1943 4741 2026 4806 ad
2059 4742 2344 4806 flumina
2373 4743 2755 4807 commercii
2791 4764 2988 4805 causa
3020 4739 3321 4806 attrahi?

869 4862 1228 4926 Praeterea
1309 4864 1431 4925 etsi
1517 4862 1694 4925 inter
1776 4883 2004 4926 omnes
2092 4861 2441 4927 conveniet
2527 4860 2608 4924 de
2691 4867 2934 4924 natura
3017 4882 3323 4925 arearum
