3720 5875
1561 605 1907 671 ..27-

468 774 537 839 id
573 773 752 857 quod
786 779 905 849 est,
942 794 1073 835 non
1114 770 1181 834 id
1218 769 1392 849 quod
1430 769 1566 833 fuit
1602 773 1958 843 scrutetur,
1997 764 2279 830 dubium
2319 771 2417 830 est
2454 786 2618 827 num
2658 784 2811 825 cum
2852 784 3004 841 geo-

467 882 793 962 graphica
840 877 1063 942 indole
1114 885 1489 956 congruant
1535 875 1701 939 tales
1750 874 2041 938 tabulae.
2095 872 2248 935 Non
2297 869 2527 933 eadem
2581 869 2726 948 lege
2779 867 3003 931 distri-

464 985 771 1048 buuntur
808 1004 989 1045 nunc
1030 981 1333 1044 homines
1376 1002 1450 1043 ac
1492 979 1908 1059 temporibus
1949 979 2136 1053 actm,
2178 978 2339 1042 licet
2378 977 2583 1040 etiam
2625 974 2823 1039 urbes
2865 997 3002 1037 om-

460 1090 630 1153 'nino
671 1087 1186 1168 praetermittas,
1237 1087 1445 1165 Saepe
1490 1086 1669 1149 enim
1717 1084 1915 1148 urbes
1961 1085 2321 1147 accrevisse
2365 1081 2670 1146 videmus
2716 1081 3004 1144 rusticae

465 1193 928 1259 multitudinis
965 1191 1384 1256 detrimento.

554 1312 813 1377 Deinde
851 1310 975 1377 hoc
1017 1313 1309 1376 multum
1352 1310 1436 1374 ad
1473 1311 1960 1389 praestantia-m
1997 1309 2385 1373 tabularum
2431 1307 2807 1387 Sprecherii
2853 1329 3005 1371 con-

463 1419 629 1483 tulit
687 1417 862 1498 quod
924 1417 1243 1480 mediocri
1302 1415 1574 1480 modulo
1631 1439 1791 1479 usus
1854 1423 1970 1480 est.
2036 1416 2146 1478 Ita
2210 1439 2311 1479 res
2375 1413 2676 1493 singulas
2739 1412 3003 1477 abunde

470 1524 720 1589 referre
766 1523 1057 1587 videtur.
1114 1523 1374 1587 Revera
1428 1522 1695 1586 tabulas
1746 1522 2062 1602 praebuit
2111 1521 2376 1585 modico
2423 1519 2714 1595 mudule,
2770 1517 3003 1583 eadem

465 1637 689 1695 autem
728 1628 1041 1693 methodo
1081 1629 1427 1694 institutas
1467 1652 1602 1707 qua
1636 1629 1740 1692 uti
1779 1629 1993 1692 solent
2032 1628 2151 1690 alii
2191 1626 2275 1690 ad
2312 1624 2698 1689 formandas
2737 1625 3003 1688 tabulas

467 1735 736 1815 majoris
766 1733 1042 1799 moduli.
1076 1734 1395 1814 Sequitur
1420 1740 1499 1798 ut
1528 1733 1769 1796 omissa
1799 1734 1937 1796 sint
1967 1732 2293 1796 nonnulla
2322 1733 2804 1812 phaenomena,
2836 1752 3007 1810 quae

466 1847 694 1904 tamen
729 1840 940 1905 oculis
978 1839 1222 1921 subjici
1262 1839 1578 1919 oportuit,
1618 1840 1673 1902 si
1711 1839 1862 1918 quis
1898 1839 2188 1903 voluerit
2228 1861 2459 1902 causas
2498 1834 3001 1902 distribuendae

466 1945 927 2010 multitudinis
962 1947 1356 2026 perspicere.
1395 1946 1723 2010 Locorum
1763 1946 1946 2009 enim
1981 1944 2208 2009 variae
2244 1943 2640 2008 altitudines
2677 1965 2760 2006 ne
2798 1943 3000 2006 ratio-

466 2051 731 2116 nalibus
766 2051 1036 2133 quidem
1071 2053 1318 2117 litteris
1353 2052 1843 2132 significantur.
1883 2051 2154 2117 Absunt
2185 2053 2367 2132 ipsae
2401 2051 2589 2116 viae!

551 2171 898 2237 Postremo
938 2171 1274 2237 coloribus
1312 2173 1593 2236 minime
1634 2172 1810 2251 aptis
1849 2194 2010 2236 usus
2052 2177 2168 2236 est.
2212 2171 2275 2235 A
2317 2171 2535 2237 colore
2573 2170 2754 2234 em'm
2798 2169 3001 2234 denso

463 2276 549 2342 ad
604 2278 993 2342 crassiorem
1046 2278 1151 2341 bis
1203 2277 1650 2359 progreditur,
1708 2284 1772 2342 et
1828 2276 2050 2342 media
2109 2278 2480 2342 incolarum
2537 2277 2728 2356 copia
2783 2276 3000 2341 colore

465 2383 871 2464 exprimitur
901 2385 1021 2464 qui
1048 2406 1290 2465 parum
1324 2383 1552 2448 differt
1584 2406 1625 2448 a
1654 2384 1871 2449 colore
1904 2407 2038 2464 quo
2068 2383 2372 2449 maxima:
2400 2383 2772 2448 incolarum
2808 2383 3000 2461 copia

465 2490 905 2569 significatur.

549 2609 652 2673 Ea
706 2609 977 2689 quidem
1034 2608 1298 2691 objecta
1352 2609 1726 2690 respiciunt
1780 2608 1865 2674 ad
1919 2613 2094 2674 artes
2152 2607 2507 2673 adhibitas.
2569 2607 2997 2688 Principium

464 2717 682 2795 ipsum
720 2716 960 2780 talium
998 2716 1384 2781 tabularum
1423 2739 1556 2780 non
1594 2716 1835 2794 effugit
1875 2738 2138 2778 omnem
2177 2714 2780 2794 exprobrationem.
2822 2714 2993 2777 Nam

463 2843 633 2902 quae
704 2843 909 2902 supra
976 2821 1246 2886 crimini
1319 2820 1623 2886 dedimus
1696 2822 2098 2903 geographis
2171 2819 2659 2886 instruentibus
2728 2820 2998 2885 tabulas

463 2925 781 2992 mediocri
808 2926 1099 3005 modulo,
1127 2926 1357 2993 eadem
1386 2934 1452 2993 et
1478 2929 1791 3009 graviora
1813 2934 2194 3005 occurrunt,
2222 2926 2400 3008 quod
2427 2928 2689 3008 saepius
2716 2927 2998 2993 arbitrio

461 3057 580 3101 suo
617 3034 884 3099 tabulas
923 3033 1361 3100 delineavisse
1398 3035 1669 3100 videtur
1708 3035 2163 3116 SprecheriuS.
2205 3036 2423 3099 Areae
2462 3041 2997 3115 repraesentatae

463 3161 501 3202 a
531 3140 895 3220 provinciis
928 3142 1203 3206 omnino
1235 3140 1578 3207 differunt.
1613 3142 1868 3206 Verum
1902 3165 2056 3206 cum
2088 3141 2171 3205 ad
2209 3141 2361 3204 illas
2396 3163 2580 3204 areas
2612 3140 2999 3204 formandas

461 3244 770 3310 adhibita
829 3246 919 3311 sit
978 3247 1391 3327 computatio
1453 3246 1712 3312 mediae
1776 3248 2155 3312 incolarum
2214 3246 2635 3326 frequentiae
2696 3247 2768 3310 in
2833 3269 2994 3326 qua.-

462 3373 750 3432 cumque
779 3353 1145 3432 provincia,
1171 3353 1455 3417 'termini
1488 3375 1794 3417 arearum
1831 3353 2068 3420 statuti
2104 3360 2263 3418 sunt
2295 3359 2361 3417 et
2395 3353 2587 3432 copia
2620 3353 2997 3418 incolarum

461 3458 701 3537 cuique
768 3480 959 3521 areae
1024 3456 1463 3521 adscribenda
1526 3481 1838 3538 expressa
1904 3466 2022 3535 est,
2111 3458 2630 3539 chorographias
2697 3458 2994 3522 maximo

460 3562 733 3627 modulo
774 3563 1147 3628 scrutando.
1197 3562 1541 3637 Quomodo
1585 3571 1811 3628 autem
1857 3564 1927 3629 id
1970 3565 2283 3629 effectum
2330 3566 2417 3628 sit
2462 3587 2593 3628 non
2637 3566 2836 3644 plane
2881 3563 2993 3628 do-

460 3692 706 3734 cemur.
741 3669 1025 3734 Fatetur
1056 3672 1197 3750 ipse
1233 3670 1664 3751 Sprecherius
1698 3671 1867 3735 tales
1900 3671 2164 3736 tabulas
2201 3668 2567 3734 secundum
2605 3668 2896 3733 indolem
2934 3676 2998 3733 et

464 3776 825 3839 sollertiam
852 3778 1189 3857 propriam
1216 3778 1457 3856 cuique
1486 3776 1931 3841 instituendas
1956 3800 2092 3840 esse
2116 3804 2144 3836 ι
2178 3776 2268 3841 Es
2292 3777 2460 3853 liegt
2486 3776 2605 3839 auf
2627 3774 2743 3838 der
2767 3774 2993 3852 Hand,

456 3879 605 3945 dass
650 3880 861 3944 damit
907 3881 1057 3945 dem
1104 3881 1596 3946 individuellen
1640 3883 1945 3946 Moment
1993 3884 2101 3945 ein
2148 3882 2437 3946 iiberaus
2482 3881 2733 3945 breite-r
2778 3882 2991 3960 Spiel-

457 4009 648 4050 raum
685 3987 986 4067 gelassen
1024 3988 1110 4052 ist
1146 4013 1176 4048 n
1228 3988 1321 4068 (p.
1366 3988 1500 4067 13).

543 4105 724 4168 Talis
756 4128 861 4169 ars
893 4106 1210 4171 scientiae
1242 4129 1481 4186 parum
1512 4106 2006 4171 accommodata
2036 4106 2324 4183 videtur,
2358 4107 2536 4189 quod
2570 4130 2656 4173 ex
2685 4129 2814 4171 usu
2846 4106 2994 4186 plus

457 4211 764 4274 minusve
789 4209 1035 4276 callido
1056 4211 1355 4291 pendent
1379 4213 1623 4276 omnia.

544 4328 616 4393 Si
644 4329 918 4408 singula
945 4330 1147 4395 nimis
1178 4332 1525 4397 enucleate
1556 4331 1933 4411 exprimere
1961 4332 2257 4397 volueris
2287 4332 2654 4413 imaginem
2688 4333 2991 4399 ostendes

456 4455 587 4497 non
629 4435 851 4513 magis
888 4443 1193 4500 exactam
1235 4460 1438 4517 quam
1480 4444 1640 4501 sunt
1676 4438 1952 4502 tabulae
1993 4438 2575 4517 chorographicae,
2616 4462 2850 4503 verum
2896 4441 2991 4503 eis

454 4539 929 4619 postponenda,
989 4542 1047 4605 si
1104 4542 1190 4606 ad
1246 4544 1867 4622 interpretationem
1925 4544 2537 4623 phaenomenorum
2596 4544 2995 4624 geographi-

457 4667 683 4708 corum
724 4647 1055 4725 respicies.
1097 4647 1368 4710 Etenim
1410 4671 1561 4710 cum
1602 4649 1860 4711 minore
1901 4648 2169 4713 modulo
2207 4649 2505 4713 tabulam
2555 4649 2994 4713 delineaveris

456 4771 577 4813 nec
633 4752 928 4815 locorum
986 4751 1381 4816 altitudines
1438 4752 1781 4817 ostendere
1838 4756 2108 4831 poteris,
2160 4778 2284 4819 nec
2342 4755 2609 4832 itinera,
2667 4777 2787 4819 nec
2844 4756 2988 4820 vias

453 4854 725 4933 ferrea&
764 4879 885 4919 nec
924 4856 1195 4921 tandem
1236 4859 1461 4921 omnia
1503 4881 1674 4937 quae
1709 4860 2052 4938 pertinent
2090 4860 2173 4923 ad
2214 4884 2446 4939 causas
2488 4859 2987 4926 distribuendae
