3720 5875
1855 565 2202 629 —lss—

849 730 1240 796 Mirandum
1278 735 1378 794 est
1413 726 1611 809 quod,
1648 728 1954 808 quamvis
1991 725 2345 791 methodus
2384 725 2887 791 demonstrandi
2924 727 3332 794 incolarum

764 839 1025 918 copiam
1070 837 1145 901 in
1183 835 1571 917 provinciis,
1617 835 1920 898 omnium
1966 855 2311 908 consensu,
2353 832 2596 896 vitiata
2642 833 2727 896 sit
2772 833 3006 898 multis
3051 834 3338 898 incom-

763 942 999 1021 modis,
1036 940 1121 1006 ad
1156 963 1304 1005 eam
1339 947 1569 1006 tamen
1605 939 1999 1006 methodum
2037 939 2284 1004 iterum
2325 939 2685 1019 confugere
2722 937 3041 1004 videntur
3075 962 3332 1005 recen-

762 1052 965 1116 tiores
1028 1048 1479 1131 geographiae
1538 1048 1909 1127 seriptores.
1975 1047 2476 1126 Argumentum
2538 1046 2658 1108 vix
2720 1047 3024 1110 invenias
3087 1047 3337 1126 magis

766 1163 1004 1237 aptum
1054 1155 1138 1220 ad
1187 1153 1610 1237 probandum
1663 1177 1867 1234 quam
1920 1155 2164 1218 merito
2212 1175 2575 1232 arguamus
2630 1152 2700 1216 in
2754 1152 3056 1232 sequenti
3108 1175 3332 1232 para-

767 1264 1025 1345 grapho
1059 1268 1277 1327 artem
1309 1261 1638 1326 flexuosas
1673 1261 1887 1325 lineas
1925 1258 2363 1324 describendi.
2403 1259 2504 1324 Ea
2542 1260 2723 1322 enim
2761 1282 2869 1323 ars
2903 1259 3081 1325 nihil
3115 1257 3337 1323 aliud

768 1378 869 1435 est
898 1369 1035 1434 nisi
1066 1369 1213 1451 ipsa
1243 1367 1597 1433 methodus
1632 1365 2070 1448 computandi
2103 1366 2480 1431 incola-rum
2516 1367 2776 1446 copiam
2815 1367 2889 1430 in
2919 1366 3333 1446 provinciiS,

764 1487 1003 1542 ¹'verum
1039 1476 1397 1541 artificiose
1432 1473 1931 1539 accommodata
1965 1480 2041 1538 ut
2076 1474 2223 1554 ejus
2259 1472 2674 1538 adminiculo
2709 1471 2793 1537 ad
2828 1473 3032 1537 utilia
3062 1471 3334 1553 perdu-

769 1605 1021 1658 camur,
1073 1605 1243 1663 quae
1294 1580 1477 1645 haud
1527 1582 1661 1645 scio
1712 1604 1879 1644 num
1932 1582 2070 1644 sint
2120 1581 2281 1644 satis
2333 1587 2587 1645 exacta.
2644 1579 3040 1644 Methodum
3094 1579 3336 1659 igitur

770 1697 1076 1754 exactam
1151 1712 1410 1754 servare
1484 1690 1848 1769 cupientes,
1923 1686 2007 1750 ad
2076 1693 2371 1750 veterem
2445 1693 2657 1751 artem
2732 1685 3167 1766 computandi
3253 1693 3338 1750 et

771 1795 1273 1861 demonstrandi
1337 1795 1710 1859 incolarum
1777 1794 2039 1874 copiam
2105 1795 2179 1856 in
2241 1794 2607 1873 provinciis
2672 1794 2954 1872 regressi
3022 1798 3176 1856 sunt
3253 1799 3336 1856 et

770 1903 1096 1982 Uhligius
1142 1905 1215 1966 in
1254 1901 1505 1966 tabulis
1552 1928 1579 1962 ιι
1636 1901 1761 1965 Die
1806 1898 2240 1965 Yolksdichte
2288 1899 2399 1963 des
2447 1899 2861 1963 Nordlichen
2907 1898 3172 1963 Badens
3201 1900 3226 1938 ¹
3289 1925 3326 1961 n

772 2017 842 2074 et
871 2009 1267 2073 Ambrosius
1303 2010 1374 2072 in
1406 2008 1639 2072 tabula
1677 2034 1705 2069 α
1749 2007 2189 2071 Volksdichte
2220 2005 2361 2070 und
2396 2005 2848 2085 Siedelungen
2885 2029 2994 2069 am
3031 2007 3094 2070 N
3100 2005 3330 2070 ieder-

771 2116 967 2180 rhein
1008 2117 1041 2179 1
1089 2139 1102 2179 :
1148 2115 1473 2179 150.0002
1514 2141 1543 2175 n
1590 2123 1657 2180 et
1693 2113 2168 2193 Bergmannus
2205 2115 2277 2176 in
2315 2112 2553 2177 tabula
2591 2140 2618 2172 α
2669 2114 2878 2176 Karte
2918 2136 3037 2176 zur
3076 2112 3331 2176 Volks-

774 2222 997 2286 dichte
1036 2221 1151 2284 der
1188 2222 1476 2284 Provinz
1516 2220 1978 2297 Starkenburg
2017 2220 2050 2282 1
2087 2242 2099 2282 :
2141 2218 2419 2283 250.000
2445 2221 2471 2258 3
2501 2245 2556 2281 n.

860 2330 946 2392 In
978 2329 1114 2391 illis
1143 2327 1396 2390 tabulis
1427 2327 1701 2406 majoris
1732 2324 1985 2388 moduli
2021 2325 2307 2388 flumina
2337 2331 2403 2388 et
2432 2326 2579 2388 viae
2613 2325 3017 2404 singillatim
3049 2348 3330 2405 reprae-

776 2441 1075 2499 sentatae
1115 2440 1305 2511 sunt3
1349 2433 1475 2498 soli
1512 2439 1742 2496 autem
1777 2433 2009 2496 variae
2045 2431 2440 2496 altitudines
2483 2432 2745 2496 absunt.
2791 2432 2986 2497 Unus
3027 2431 3332 2497 Ambro-

777 2544 914 2606 sius
952 2539 1261 2605 tabulam
1299 2541 1447 2621 ejus
1488 2540 1749 2619 generis
1792 2537 1971 2618 quod
2011 2537 2265 2601 dicitur
2303 2537 2875 2618 hypsometricum
2916 2538 3189 2603 tabulae
3235 2537 3333 2602 ad

775 2647 1362 2713 demonstrandam
1395 2646 1771 2711 incolarum
1804 2645 2068 2725 copiam
2101 2643 2476 2714 delineatae
2510 2643 2765 2723 adjicit.

864 2755 1177 2818 Colorum
1219 2753 1386 2817 serie
1427 2775 1667 2832 parum
1709 2758 1869 2831 apta
1906 2755 2012 2816 usi
2053 2758 2211 2815 sunt
2253 2750 2576 2829 Uhligius
2619 2760 2686 2817 ct
2727 2752 3236 2831 Bergmannus;
3287 2775 3334 2816 a

777 2860 991 2924 colore
1018 2861 1197 2922 enim
1225 2857 1526 2920 densiore
1559 2857 1927 2936 (caeruleo)
1959 2856 2044 2919 ad
2069 2858 2353 2920 colorem
2383 2857 2775 2922 dilutiorem
2809 2859 3134 2940 (roseum)
3167 2883 3330 2940 pro-

777 2965 1197 3048 grediuntur.
1226 2963 1428 3043 Apud
1454 2963 1888 3027 Ambrosium
1914 2964 2017 3026 bis
2044 2966 2120 3027 fit
2145 2988 2220 3027 ea
2244 2966 2575 3030 transitio.
2607 2966 2826 3045 Magis
2854 2967 3058 3033 etiam
3089 2968 3330 3030 incon-

778 3073 920 3135 dita
961 3072 1259 3135 efficitur
1298 3072 1542 3151 imago,
1585 3070 1761 3150 quod
1802 3070 2001 3134 silvas
2044 3079 2479 3150 seposuerunt
2524 3081 2588 3137 ct
2631 3073 2845 3135 colore
2887 3071 3089 3134 viridi
3132 3079 3333 3139 nota-

778 3184 1039 3242 verunt.
1076 3175 1280 3258 Apud
1315 3176 1823 3255 Bergmamnum
1858 3177 2217 3256 praecipue
2253 3177 2608 3242 molestum
2646 3202 2783 3243 esse
2818 3178 3103 3255 videtin,
3141 3177 3330 3258 quod

780 3284 984 3349 simul
1027 3304 1219 3363 agros
1263 3283 1604 3347 saltuariis
1647 3283 2008 3346 attributos
2052 3291 2117 3347 et
2157 3290 2353 3362 prata
2415 3285 2614 3364 juxta
2679 3285 2932 3348 flumen
2998 3285 3328 3349 Rhenum

780 3389 1109 3470 peculiari
1151 3390 1367 3454 colore
1409 3388 1857 3454 adumbravit.
1903 3389 2298 3453 Ambrosius
2364 3391 2722 3454 consilium
2786 3391 3034 3470 abjecit
3098 3413 3330 3471 segre-

781 3494 987 3577 gandi
1031 3519 1297 3576 campos
1338 3495 1692 3562 humentes
1734 3503 1799 3561 et
1842 3518 2094 3575 amneS‚
2137 3496 2296 3574 quia
2339 3494 2740 3559 deficiebant
2782 3495 3048 3559 numeri
3091 3517 3327 3574 super-

781 3603 1001 3666 ficiem
1035 3602 1475 3668 ostendentes,

868 3707 1297 3788 Principium
1337 3709 1558 3789 ipsum
1619 3707 1975 3773 omittendi
2036 3709 2360 3772 silvarum
2422 3714 2490 3771 et
2547 3708 2845 3773 locorum
2908 3708 3329 3771 incultorum

784 3836 970 3877 areas
1015 3814 1156 3890 alii,
1202 3815 1338 3879 alio
1379 3812 1695 3879 methodo
1733 3820 2080 3894 usurpata,
2127 3816 2339 3879 secuti
2386 3820 2560 3878 sunt.
2608 3815 2884 3893 Verum,
2932 3836 3330 3894 quanquam

784 3920 929 3997 ejus
969 3918 1381 3983 adminiculo
1420 3922 1838 3983 succurritur
1875 3920 2365 4000 aliquantisper
2405 3919 2844 3983 incommodis
2885 3943 3054 4000 quae
3094 3942 3334 4000 prove-

785 4025 986 4087 niunt
1020 4047 1102 4088 ex
1136 4025 1498 4104 partitione
1533 4025 1889 4104 plagarum
1925 4026 2000 4090 in
2030 4027 2408 4107 municipia
2440 4034 2685 4090 natura
2718 4033 2783 4091 et
2818 4049 2972 4090 area
3005 4025 3327 4105 disparia,

785 4152 1001 4208 neque
1037 4131 1340 4195 omnium
1377 4153 1698 4195 consensu
1735 4139 2086 4211 acceptum
2124 4140 2242 4209 est,
2279 4156 2495 4213 neque
2529 4134 3046 4214 reprehensione
3082 4134 3325 4196 caruit.

873 4235 975 4299 De
1008 4258 1083 4300 ea
1118 4238 1506 4317 quaestione
1540 4237 1922 4317 perdifficili
1957 4239 2148 4303 nobis
2183 4240 2495 4319 posthaec.
2533 4241 2779 4304 iterum
2817 4237 3324 4303 consulendum.

848 4425 892 4472 1.
930 4424 984 4473 C.
1016 4423 1206 4474 [mm.
1238 4425 1333 4475 Die
1363 4426 1831 4489 x'crz'indcrungcn
1863 4428 1959 4478 der
1987 4429 2338 4478 Volksdiehlc
2369 4429 2443 4478 im
2474 4429 2537 4477 N.
2571 4429 2756 4479 Buden
2787 4426 3066 4478 1552-1895.
3099 4426 3140 4473 F
3144 4425 3326 4475 orsch.

784 4510 829 4546 z.
863 4498 923 4545 D.
955 4498 1169 4548 Laudes
1201 4500 1314 4548 und
1347 4500 1720 4561 Vollcslcunde,
1752 4503 1887 4561 1599,
1920 4515 2008 4563 pp.
2043 4504 2262 4553 107-228.

784 4584 890 4708 263·
930 4583 1108 4635 Enxs'r
1140 4585 1473 4638 :nimiosus
1512 4589 1605 4639 Dic
1640 4589 1991 4639 V‹.›lks‹lichic
2026 4604 2116 4640 arn
2152 4592 2212 4641 D.
2248 4591 2605 4642 Nicdorrhcin
2639 4592 2882 4652 Forsch„
2921 4594 3056 4653 1901,
3090 4604 3182 4654 pp.
3217 4591 3330 4641 153-

857 4676 892 4707 Ι.

849 4748 893 4796 3.
934 4748 993 4798 Κ.
1039 4748 1359 4801 BERGMANN.
1403 4751 1498 4801 Dic
1542 4752 1892 4804 Volksdichlc
1933 4755 2030 4806 der
2069 4755 2861 4818 8108811012οῴ1011-1108810111111
2900 4756 3136 4806 Provinz
3180 4756 3334 4808 Star-

788 4820 1040 4888 kcnburg
1072 4825 1315 4888 Forsclz„
1348 4827 1486 4888 1900,
1519 4839 1611 4889 pp.
1646 4828 1865 4879 292-364.
