3720 5875
1523 647 1866 711 *25*

426 808 753 888 geringen
783 807 966 872 Grad
991 831 1124 872 von
1151 808 1572 888 Dichtigkeit
1601 830 1708 885 an,
1739 805 1960 870 indess
1985 807 2139 886 jene
2168 806 2237 869 in
2268 803 2375 869 die
2403 803 2633 868 Kurve
2663 801 2775 867 des
2802 803 2966 866 Loss

423 916 567 979 und
612 915 1387 980 Diluviallandschaften
1430 915 1838 994 einbezogen
1878 913 2162 981 werden.
2215 940 2245 975 n

514 1091 648 1153 Hic
687 1098 914 1154 autem
954 1091 1245 1154 occurrit
1282 1112 1453 1153 nova
1493 1087 1882 1167 ambigendi
1921 1090 2208 1151 materia
2254 1112 2266 1150 ε
2311 1088 2429 1165 qui
2469 1089 2547 1150 fit
2587 1094 2664 1151 ut
2703 1092 2962 1150 tantam

425 1195 1049 1259 dissimilitudinem
1096 1197 1473 1276 imaginum
1519 1197 1814 1260 habeant
1855 1196 2147 1273 tabulae,
2194 1193 2422 1259 eodem
2464 1201 2766 1273 tempore
2812 1215 2963 1257 con-

424 1303 642 1366 fectae
700 1325 742 1366 a
792 1304 961 1366 viris
1016 1302 1493 1369 adhibentibus
1553 1301 1821 1370 easdem
1875 1303 2172 1377 notitias,
2211 1299 2514 1366 eamdem
2574 1300 2963 1376 sollertiam,

425 1410 731 1474 eamdem
777 1410 1163 1475 methodum
1210 1411 1240 1473 :2
1290 1410 1389 1473 Eo
1433 1409 1865 1489 perducimur
1907 1414 1990 1472 ut
2036 1407 2324 1471 alterum·
2372 1406 2672 1471 methodi
2721 1406 2969 1470 vitium

423 1515 976 1581 demonstremus.

514 1637 784 1716 Optime
822 1637 1086 1700 censuit
1120 1635 1467 1712 Behmius,
1507 1635 1577 1699 in
1615 1633 2068 1699 describendis
2106 1634 2305 1698 lineis
2340 1657 2476 1698 non
2514 1632 2963 1713 neglegendas

425 1766 566 1808 esse
610 1743 876 1808 tabulas
924 1742 1516 1822 chorographicasg
1564 1765 1799 1807 verum
1849 1740 2180 1821 quomodo
2229 1741 2296 1804 id
2345 1742 2514 1804 effici
2563 1749 2781 1820 posset
2831 1763 2965 1804 non

424 1852 593 1914 satis
619 1850 798 1915 clare
821 1851 1169 1930 expressit.
1198 1849 1304 1913 Ex
1330 1849 1582 1916 tabulis
1611 1850 1793 1913 enim
1822 1848 2366 1928 chorographicis
2394 1870 2752 1911 numerum
2784 1849 2962 1911 inco-

425 1956 647 2020 larum
677 1979 1039 2036 eorumque
1069 1956 1329 2036 copiam
1360 1978 1713 2035 excerpere
1745 1963 1809 2020 et
1836 1956 2282 2019 rationalibus
2311 1955 2558 2019 litteris
2589 1956 2967 2034 exprimere

425 2063 707 2127 minime
751 2063 948 2131 licet3
996 2064 1185 2143 atqui
1230 2063 1667 2127 rationalium
1710 2062 2094 2124 litterarum·
2139 2065 2409 2123 tantum
2453 2058 2711 2123 auxilio
2752 2056 2966 2120 lineas

424 2168 668 2232 ducere
714 2154 945 2252 possis.
998 2168 1146 2242 Quo
1194 2170 1271 2233 fit
1320 2175 1395 2232 ut
1443 2168 1568 2231 tibi
1620 2168 1893 2232 tabulae
1943 2164 2488 2246 interpretandae
2540 2166 2694 2240 sint,
2746 2164 2962 2227 faten-

425 2383 643 2460 magis
692 2382 800 2445 vel
852 2381 1079 2446 minus
1131 2381 1479 2444 enucleate
1529 2382 1870 2458 regionem
1925 2380 2193 2455 novisti,
2245 2385 2446 2458 prout
2497 2384 2566 2440 te
2614 2379 2810 2456 juvat
2861 2399 2964 2439 res

426 2489 653 2568 aptius
694 2489 805 2552 vel
845 2488 1064 2567 magis
1107 2487 1294 2567 large
1335 2492 1647 2564 tractare,
1691 2486 2021 2551 flexuosas
2067 2485 2280 2550 lineas
2326 2483 2705 2563 disparibus
2749 2481 2964 2547 modis

426 2593 800 2658 describere
822 2595 1051 2674 possis

516 2713 813 2777 Multum
869 2713 1228 2793 aliquoties
1277 2714 1545 2793 proficit
1598 2735 1739 2776 sese
1790 2710 2112 2791 expedire
2159 2734 2199 2774 a
2249 2709 2516 2788 legibus
2567 2708 2964 2788 disciplinae

424 2819 644 2883 dictae
683 2820 1071 2892 statisticac,
1112 2826 1188 2883 ut
1227 2839 1396 2900 quae
1435 2819 1614 2882 flecti
1655 2820 1992 2893 nesciant3
2033 2819 2215 2881 viam
2256 2823 2480 2881 autem
2519 2816 2964 2896 periculosam

422 2924 740 3002 tentabis,
798 2927 852 2990 si
905 2949 1042 2990 rem
1104 2932 1336 2990 exacte
1392 2924 1738 2990 definitam
1800 2931 1942 2989 arte
1998 2948 2237 3005 parum
2298 2930 2535 2988 exacta
2592 2923 2967 3003 exprimere
3013 2913 3018 2918 ⁸

423 3034 735 3098 volueris.

515 3151 794 3228 Deinde,
822 3159 899 3216 ut
927 3154 1155 3216 omnia
1179 3154 1410 3233 paucis
1437 3153 1658 3217 verbis
1688 3153 2234 3232 complectamur,
2264 3174 2370 3215 ars
2399 3152 2610 3216 lineas
2639 3149 2967 3214 flexuosas

426 3257 718 3322 ducendi
761 3258 936 3322 nihil
981 3257 1169 3322 aliud
1212 3281 1348 3322 esse
1392 3257 1662 3322 videtur
1705 3281 1909 3338 quam
1955 3258 2117 3321 artis
2163 3259 2309 3337 ejus
2354 3268 2528 3321 nova*
2570 3257 2788 3320 forma
2833 3279 2966 3335 qua

428 3365 743 3429 statistici
813 3365 1187 3429 incolarum
1257 3365 1515 3444 copiam
1586 3366 1661 3428 in
1722 3364 2090 3444 provinciis
2157 3362 2613 3427 demonstrare
2677 3366 2963 3447 tentant.

431 3471 641 3551 Gujus
676 3471 841 3535 artis
876 3469 1296 3536 incommoda
1334 3471 1565 3550 aliqua
1598 3469 1917 3545 retinuit;
1955 3475 2301 3549 praeterea
2332 3469 2711 3549 periculum
2749 3474 2847 3531 est
2880 3489 2966 3531 ne

427 3577 923 3658 praetermittat
971 3576 1274 3657 ejusdem
1321 3578 1484 3640 artis
1534 3574 1898 3651 commoda,
1948 3595 2233 3654 quorum
2277 3572 2708 3653 praecipuum
2760 3577 2903 3636 erat
2953 3597 2965 3636 :

428 3704 534 3746 res
567 3684 791 3762 aiptius
826 3688 892 3746 et
926 3684 1228 3747 exactius
1263 3683 1657 3762 exprimere.

519 3800 686 3865 Cum
722 3807 1068 3881 computas
1104 3801 1476 3866 incolarum
1513 3802 1773 3881 copiam
1809 3802 1882 3865 in
1917 3799 2203 3879 singulis
2235 3798 2601 3879 provinciis
2636 3797 2720 3862 ad
2754 3798 2966 3863 lineas

427 3907 757 3973 flexuosas
817 3906 1281 3972 describendas
1344 3909 1711 3988 imaginem
1768 3908 2062 3971 veritati*
2103 3930 2179 3969 eo
2235 3907 2612 3986 propiorem
2675 3906 2968 3986 effinges,

430 4036 564 4093 quo
596 4014 889 4077 minores
920 4014 1299 4093 provincias
1335 4015 1635 4093 elege1·iS‚
1673 4014 1930 4077 scilicet
1968 4013 2244 4078 collatas
2281 4036 2433 4077 cum
2472 4011 2742 4077 modulo
2773 4012 2967 4076 tabu-

430 4120 669 4183 larum.
706 4120 956 4183 Verum
995 4143 1128 4184 non
1163 4121 1437 4183 omnino
1469 4121 1631 4184 licet
1663 4143 1869 4199 quam
1900 4122 2183 4186 minimo
2218 4119 2488 4184 modulo
2522 4121 2660 4196 uti3
2698 4120 2968 4200 quippe,

429 4208 714 4289 minimo
752 4225 1021 4290 modulo
1060 4226 1290 4303 electO,
1328 4227 1589 4306 urgeris
1628 4227 1942 4305 plurimis
1984 4225 2443 4301 incommodis,
2485 4248 2604 4289 nec
2643 4227 2769 4291 tibi
2812 4228 2971 4291 licet

429 4331 893 4411 phaenomena
914 4354 1429 4395 commemorare
1455 4331 1539 4395 ad
1564 4314 1880 4395 naturam
1905 4332 2011 4394 vel
2038 4333 2513 4395 commercium
2537 4334 2969 4411 pertinentia,

432 4461 602 4519 quae
633 4444 866 4502 tamen
895 4440 1129 4518 magni
1162 4440 1485 4503 momenti
1520 4445 1676 4503 sunt
1710 4437 1793 4502 ad
1827 4461 2058 4502 causas
2091 4439 2188 4501 rei
2225 4437 2679 4502 inveniendas.

521 4557 617 4623 Eo
663 4559 877 4638 igitur
918 4558 1349 4638 perducimur
1391 4565 1467 4621 ut
1513 4563 1902 4636 exoptemus
1948 4556 2212 4621 tabulas
2258 4557 2498 4636 majori
2545 4557 2834 4623 modulo,
2885 4558 2973 4620 Et

431 4685 664 4728 revera
700 4664 772 4726 in
831 4686 976 4726 eam
1035 4665 1656 4743 percunctationem
1717 4663 2174 4728 incubuerunt
2230 4663 2542 4728 nonnulli
2601 4663 2968 4744 geographi

432 4768 917 4834 recentioribus
947 4771 1162 4846 annis,
1193 4770 1534 4849 etiamque
1561 4792 1755 4849 saepe
1786 4770 1948 4834 satis
1976 4770 2286 4835 feliciter.

521 4888 721 4952 Viam
752 4888 941 4953 illam
972 4888 1267 4953 feliciter
1292 4895 1726 4954 tentaverunt
1759 4889 2193 4969 Sprecherius
2224 4889 2443 4955 dictus
2472 4912 2604 4954 von
2636 4890 2968 4969 Bernegg,
