3720 5875
1799 481 2102 544 ..3.-

772 641 1106 706 Similiter
1137 641 1620 722 reprehendere
1655 643 1865 723 possis
1902 650 1967 708 et
2002 643 2416 724 principium
2454 643 2889 725 computandi
2926 644 3222 711 mediam

683 771 908 814 aream
932 750 1461 831 municipiorum
1492 749 1593 830 (id
1616 757 1716 814 est
1738 750 2034 815 locorum
2061 752 2177 831 qui
2202 751 2410 831 vulgo
2431 750 2753 815 dicuntur
2776 750 3219 831 communes),

685 856 861 936 quod
919 862 1183 922 secutus
1242 863 1342 920 est
1396 856 1988 920 Kaesemacherius
2046 857 2119 920 in
2176 858 2347 922 libro
2406 859 2524 937 qui
2584 857 2976 921 inscribitur
3035 884 3063 919 α
3099 859 3227 921 1)13

683 961 1118 1027 Volksdichte
1184 960 1301 1027 der
1364 963 1909 1043 Thiiringischcn
1975 962 2395 1028 Triasmulde
2424 965 2466 1028 1.
2538 990 2568 1025 ι
2642 963 2973 1044 Expedite
3041 965 3224 1029 enim

686 1068 1129 1132 inveniuntur
1204 1068 1333 1134 duo
1410 1069 1785 1149 municipia
1864 1070 2239 1149 aequaliter
2309 1071 2635 1150 patentia,
2712 1093 2866 1133 cum
2944 1072 3015 1134 in
3088 1071 3226 1134 alio

689 1197 916 1240 omnes
954 1176 1212 1240 incolae
1247 1175 1321 1240 111
1356 1198 1491 1240 11110
1526 1176 1669 1240 loco
1707 1176 2062 1257 glomerati
2102 1181 2279 1254 sunt,
2317 1177 2391 1241 in
2428 1176 2561 1242 alio
2600 1178 2847 1242 multas
2886 1177 3113 1242 domos
3153 1176 3224 1240 in

687 1282 867 1362 agris
899 1283 1145 1348 effusas
1174 1281 1505 1347 habitant.

773 1387 1009 1453 Artem
1071 1389 1345 1453 veritati
1409 1391 1627 1469 magis
1690 1387 2259 1455 accommodatam
2325 1390 2735 1469 excogitavit
2800 1391 3223 1471 Turquanus·.

668 1494 1021 1560 'Conducit
1051 1495 1233 1559 enim
1265 1500 1652 1575 computare
1684 1497 2182 1577 proportionem
2217 1496 2619 1562 conferendo
2651 1519 3008 1562 numerum
3045 1499 3226 1563 inco-

690 1602 909 1665 larum
983 1624 1117 1665 uno
1194 1602 1266 1666 in
1336 1603 1479 1667 loco
1575 1602 2034 1672 habitantium
2140 1603 2681 1682 (franco-gallice
2716 1627 2728 1666 ε
2829 1602 3226 1682 population

689 1706 1150 1788 αῃρῖοτηένὲε)
1214 1731 1367 1773 cum
1432 1731 1713 1775 numero
1777 1731 2007 1774 eorum
2073 1711 2191 1790 qui
2257 1709 2559 1790 singulas
2625 1708 2850 1775 domos
2916 1708 3230 1775 habitant

697 1814 1238 1894 (franco-gallice
1264 1813 1660 1895 population
1707 1816 1993 1896 epar-sc).
2044 1817 2228 1890 Quae
2272 1817 2616 1898 proportio
2660 1817 3082 1882 exactissime
3130 1819 3227 1881 rei

692 1922 1061 2000 imaginem
1108 1921 1465 2002 exprimit3
1514 1921 2018 2003 optandumque
2064 1929 2143 1986 ut
2186 1921 2418 1986 eadem
2466 1924 2878 2003 computatio
2923 1931 3231 1989 occurrat

693 2029 767 2091 in
802 2027 1113 2093 omnibus
1147 2026 1341 2093 libris
1375 2026 1460 2092 ad
1496 2028 1758 2108 copiam
1794 2029 2170 2093 incolarum
2205 2028 2720 2109 pertinentibus.

779 2134 1035 2199 Verum
1061 2156 1196 2198 non
1221 2156 1574 2214 possumus
1601 2157 1746 2198 eam
1775 2156 1972 2214 agere
2000 2135 2271 2214 ubique,
2301 2133 2413 2199 sed
2443 2136 2514 2198 in
2542 2135 2681 2199 illis
2707 2140 2975 2199 tantum
3004 2136 3233 2214 regnis

690 2240 810 2304 ubi
848 2246 1149 2304 auctores
1184 2240 1695 2316 breviariorum,
1734 2264 1925 2320 quae,
1964 2264 2166 2304 censu
2201 2240 2455 2318 habim,
2494 2242 2565 2305 111
2601 2264 2840 2305 manus
2878 2241 3232 2304 hominum

695 2345 962 2423 dantur,
1002 2368 1138 2411 non
1179 2345 1339 2412 satis
1379 2346 1630 2411 habent
1693 2346 1886 2410 edere
1949 2369 2306 2412 numerum
2370 2347 2744 2412 incolarum
2808 2347 2879 2410 in
2944 2347 3234 2427 singulis

697 2452 1109 2533 municipiis.

782 2559 1073 2638 Fingere
1112 2581 1466 2639 possumus
1507 2566 1718 2623 artem
1764 2561 1989 2637 aliam,
2035 2583 2204 2639 quae
2248 2562 2465 2639 magis
2510 2562 2881 2640 generatim
2927 2557 3234 2623 adhiberi

696 2669 931 2744 potest.
963 2662 1366 2744 Computare
1392 2664 1551 2730 licet
1577 2664 1878 2730 medium
1910 2667 2281 2730 incolarum
2311 2688 2668 2730 numerum
2701 2665 2771 2729 in
2800 2688 3063 2746 quoque
3092 2667 3238 2730 loco

693 2770 1175 2848 habitantium,
1216 2769 1286 2834 id
1324 2777 1423 2835 est
1459 2771 1533 2835 in
1570 2773 1756 2848 vicis,
1793 2773 2059 2848 viculis,
2097 2772 2206 2836 vel
2248 2774 2318 2835 in
2357 2774 2558 2837 villis,

783 2877 1210 2958 Principium
1245 2878 1385 2958 jam
1424 2885 1689 2944 secutus
1726 2886 1822 2944 est
1860 2877 2404 2959 Burgkbardtius
2443 2880 2514 2942 in
2552 2902 2746 2959 opere
2784 2878 2961 2959 quod
3001 2879 3236 2942 inscri-

699 2986 887 3048 bitur
940 3011 968 3046 8
1034 2985 1171 3049 1)3.8
1225 2984 1618 3065 Erzgebh‘g,
1672 2987 1825 3049 eine
1879 2985 2318 3050 oromet'risch
2372 2985 3236 3066 anthropogeographische

701 3089 935 3154 Studie
976 3117 1004 3152 n
1049 3091 1095 3154 ².
1137 3089 1246 3154 Ad
1281 3090 1406 3156 hoc
1446 3091 1661 3171 igitur
1697 3090 2148 3169 confugimus,
2193 3090 2737 3155 distributionem
2779 3088 3243 3155 multitudinis

701 3199 775 3261 in
807 3194 1138 3262 Valachia
1169 3196 1332 3262 dum
1367 3195 1874 3277 indagabamus.

704 3499 832 3577 §3.
875 3535 966 3547 ·—-
1009 3496 1157 3578 Qua
1219 3509 1359 3562 arte
1447 3497 1783 3562 illustrari
1845 3500 2102 3578 possint
2169 3499 2473 3561 notiones
2540 3496 2627 3559 ad
2691 3495 3239 3560 distributionem

1285 3603 1665 3668 incolarum
1704 3603 2296 3668 demonstrandam
2337 3595 2646 3667 usitatae.

791 3834 997 3915 Copia
1024 3833 1421 3911 incolarum,
1450 3842 1527 3899 ut
1554 3858 1778 3899 omnes
1807 3836 2111 3899 notiones
2138 3856 2308 3914 quae
2338 3832 2420 3897 ad
2449 3833 2847 3898 statisticam
2877 3833 3242 3913 pertinent,

705 3940 985 4006 diversis
1011 3939 1225 4005 modis
1252 3940 1581 4006 illustrari
1608 3946 1843 4020 potest.

794 4046 1110 4127 Singulos
1180 4069 1493 4111 numeros
1565 4048 1637 4111 in
1708 4046 2012 4110 ordinem
2083 4044 2484 4111 distribuere
2555 4046 2735 4122 licet,
2803 4046 3245 4125 tabulamque

706 4155 997 4218 formare
1041 4155 1112 4217 in
1159 4176 1294 4233 qua
1335 4158 1702 4234 appareant
1748 4153 2076 4233 cujusque
2122 4153 2414 4232 regionis
2459 4174 2725 4228 nomen,
2773 4174 2946 4228 area,
2993 4151 3245 4214 incola-

705 4283 990 4341 rumque
1058 4260 1268 4341 copia.
1338 4258 1526 4324 Illud
1592 4259 1866 4339 quidem
1935 4260 2215 4323 minime
2284 4282 2436 4323 cum
2508 4257 2730 4323 studio
2800 4256 3250 4337 geographico

708 4388 1075 4449 congruere
1120 4368 1239 4432 vix
1286 4366 1669 4447 significare
1739 4388 1905 4446 opus
1954 4370 2070 4431 est.
2124 4365 2265 4429 Nec
2335 4366 2518 4429 enim
2589 4384 2826 4430 causae
2895 4384 3018 4426 nec
3090 4384 3250 4425 area

707 4475 1325 4555 phaenomenorum
1365 4472 1886 4553 perspiciuntur.
1934 4471 2263 4536 Statistici
2306 4473 2435 4550 ipsi
2479 4471 2647 4535 tales
2686 4469 2954 4539 tabulas
2993 4467 3251 4532 tabulis

769 4675 815 4724 1.
853 4675 1075 4724 Forsch.
1114 4686 1157 4723 z.
1197 4672 1257 4723 D.
1296 4672 1507 4721 Laudes
1548 4672 1659 4721 und
1696 4670 2070 4725 Vola-sicunde,
2107 4670 2195 4728 VI,
2235 4668 2370 4719 1892.

768 4750 814 4800 2.
854 4749 1073 4800 Forsch.
1105 4762 1149 4798 z.
1180 4748 1240 4797 D.
1271 4746 1486 4797 Laudes
1517 4746 1631 4795 wid
1662 4745 2035 4803 Volkskumle,
2066 4745 2155 4803 111,
2184 4743 2320 4794 1899.
