3720 5875
1846 592 2193 656 —34-

840 750 1078 833 Magni
1126 750 1450 815 momenti
1498 755 1598 815 est
1644 751 1776 816 ista
1820 751 2144 831 quaesti0,
2194 772 2599 832 quanquam,
2648 757 2724 816 ut
2774 751 2872 814 ita
2918 750 3157 829 dicam,
3209 749 3294 814 ad

748 864 961 923 artem
986 858 1440 938 operariorum
1464 857 1778 937 pertinet.
1806 857 2067 922 Certior
2091 857 2173 922 de
2197 857 2324 923 hac
2347 879 2418 922 re
2442 856 2663 921 factus
2688 856 2841 935 eris,
2870 855 3292 920 animadver-

746 964 952 1029 tendo
984 986 1187 1045 quam
1220 965 1446 1028 variae
1480 964 1619 1027 sint
1652 965 2189 1044 geographorum
2222 963 2570 1043 opiniones
2607 961 2689 1028 de
2722 984 2849 1027 usu
2884 962 3181 1027 colorum
3217 963 3289 1026 in

750 1069 1234 1135 adumbrandis
1281 1070 1553 1135 tabulis.
1605 1069 2021 1134 Fritzschius
2071 1077 2137 1135 et
2186 1070 2581 1149 Klingerius
2629 1069 2880 1134 colores
2929 1070 3005 1133 in
3054 1069 3295 1134 seriem

752 1181 932 1239 recte
953 1173 1451 1239 ordinaverunt.
1476 1174 1814 1256 Klingerii
1836 1174 2142 1239 unicolor
2161 1181 2263 1240 est
2283 1175 2534 1240 tabula.
2550 1174 2805 1239 Verum
2830 1174 3302 1239 Neumannius

756 1281 1134 1346 incolarum
1187 1282 1451 1361 copiam
1507 1279 1749 1346 75-100
1806 1287 1875 1346 et
1933 1279 2216 1345 175÷200
2272 1281 2606 1346 coloribus
2661 1287 2853 1347 notat
2911 1280 3300 1357 simillimis,

756 1388 963 1451 etiam
1028 1393 1135 1451 ter
1199 1385 1629 1467 progreditur
1697 1408 1738 1450 a
1806 1386 2024 1451 colore
2093 1384 2295 1451 denso
2362 1385 2449 1450 ad
2518 1386 2805 1451 colorem
2874 1385 3298 1462 dilutiorem3

756 1490 1300 1574 Burgkhardtius
1321 1515 1499 1572 vern,
1522 1492 1797 1573 quater!
1826 1492 2052 1558 Immo
2072 1491 2251 1556 idem
2276 1490 2840 1572 BurgkhardtiuS,
2867 1493 3059 1574 quasi
3084 1493 3301 1571 magis

670 1597 675 1600 ’
755 1598 1175 1664 inconditam
1207 1599 1577 1679 imaginem
1612 1598 1881 1663 efficere
1913 1599 2254 1678 voluisset,
2288 1597 2519 1666 eodem
2553 1599 2773 1665 colore
2805 1621 2960 1664 cum
2999 1598 3302 1664 densiore

754 1713 903 1770 tum
934 1704 1251 1771 dilutiore
1282 1704 1446 1770 duas
1475 1728 1673 1770 zonas
1702 1704 2134 1770 adumbravit
2165 1726 2336 1785 quae
2365 1705 2696 1770 finitimae
2729 1711 2940 1783 erant,
2971 1713 3040 1771 et
3069 1704 3303 1770 eadem

757 1812 1018 1875 ratione
1069 1810 1573 1875 distribuendae
1624 1809 2093 1875 multitudinis
2145 1813 2557 1892 conspicuae.
2614 1813 2762 1884 Quo
2811 1814 2891 1876 fit
2940 1819 3021 1877 ut
3069 1813 3300 1877 tabula

758 1918 1075 1998 pauciora
1108 1916 1463 1981 doceamur
1497 1939 1698 1997 quam
1735 1918 2074 1982 schemate
2108 1919 2284 1997 quod
2320 1917 2743 1998 diayramma
2780 1919 3048 1986 dicitur.
3089 1919 3304 1999 quue

762 2024 904 2104 ipse
955 2022 1503 2105 Burgkhardtius
1555 2023 2108 2087 animadvertisse
2160 2023 2466 2102 videtur3
2520 2047 2684 2089 nam
2732 2025 3001 2089 tabulae
3054 2026 3304 2106 adjecit

760 2130 1253 2211 diagrammata
1298 2128 1700 2194 delineando
1742 2128 2075 2210 quadrata
2119 2152 2404 2210 quorum
2448 2153 2638 2195 areae
2685 2131 2865 2195 inter
2908 2154 2975 2196 se
3022 2131 3303 2196 collatae

765 2235 1068 2302 eamdem
1116 2237 1616 2318 proportionem
1665 2236 1971 2300 facerent
2019 2258 2096 2300 ac
2146 2239 2413 2301 numeri
2464 2237 2922 2303 habitantium
2972 2239 3047 2304 in
3094 2240 3303 2304 variis

759 2365 960 2409 zonis.

847 2464 1077 2544 Igitur
1120 2485 1227 2528 ars
1269 2461 1651 2527 instruendi
1692 2462 1864 2528 tales
1908 2462 2175 2526 tabulas
2217 2460 2518 2527 nondum
2564 2469 2746 2527 certa
2787 2462 3075 2529 videtur.
3124 2463 3308 2538 Quin

762 2571 968 2634 etiam
1003 2571 1187 2634 omni
1221 2569 1738 2649 reprehensione
1771 2591 1908 2633 non
1944 2576 2127 2634 caret
2161 2570 2310 2648 ejus
2345 2570 2509 2634 artis
2544 2571 2977 2651 principium.

849 2690 1125 2754 Etenim
1162 2712 1301 2754 non
1340 2689 1557 2753 solum
1598 2686 1967 2753 secundum
2008 2687 2393 2753 altitudinis
2433 2691 2764 2754 rationem
2806 2689 3167 2755 distributa
3209 2699 3309 2756 est

765 2795 1152 2861 multitudo.
1204 2796 1290 2859 In
1341 2796 1729 2875 regionibus
1779 2793 2058 2874 quidem
2104 2795 2444 2860 montanis
2497 2796 2779 2860 maximi
2829 2798 3155 2861 momenti
3207 2803 3308 2862 est

765 2901 1096 2981 altitudo;
1132 2899 1298 2967 adeo
1326 2907 1405 2966 ut
1435 2899 1810 2979 methodus,
1847 2899 1929 2966 de
1962 2922 2096 2981 qua
2126 2900 2485 2983 loquimur,
2521 2902 2605 2968 ad
2639 2901 2943 2969 studium
2974 2889 3307 2970 montium

763 3010 1159 3089 praesertim
1200 3008 1422 3072 valere
1462 3006 1790 3072 videatur.
1836 3008 2030 3082 Quod
2071 3009 2270 3087 plane
2312 3009 2795 3079 animadvertit
2837 3012 2901 3076 N
2905 3013 3305 3077 eumannius

765 3116 927 3181 dum
983 3114 1528 3179 distributionem
1584 3114 1960 3179 incolarum
2018 3115 2090 3178 in
2141 3114 2393 3181 ducatu
2448 3141 2477 3177 ι
2520 3115 2754 3180 Baden
2791 3142 2821 3178 ι
2884 3116 3249 3198 indagabat
3290 3142 3306 3194 ;

764 3245 969 3305 quare
997 3224 1072 3287 in
1100 3222 1442 3287 montibus
1473 3226 1741 3286 tantum
1768 3222 1888 3301 qui
1914 3227 2240 3286 vocantur
2267 3247 2296 3283 ι
2339 3222 2820 3288 Schwarzwald
2850 3251 2880 3287 ι
2911 3230 2978 3288 et
3008 3250 3037 3286 ι
3073 3226 3116 3289 J
3119 3247 3242 3289 ura
3275 3250 3305 3286 ι

765 3353 963 3395 zonas
989 3329 1340 3410 descripsit
1367 3326 1732 3391 secundum
1759 3327 2146 3391 altitudinis
2173 3329 2540 3408 rationem;
2569 3333 2643 3396 in
2670 3332 3058 3411 regionibus
3086 3337 3312 3398 autem

767 3437 992 3519 planis
1042 3436 1127 3501 ad
1177 3435 1571 3502 methodum
1618 3433 1932 3514 confugit
1981 3434 2403 3501 simillimam
2453 3437 2768 3503 methodo
2817 3459 2950 3517 qua
2999 3460 3158 3503 usus
3209 3444 3311 3503 est

769 3544 1220 3627 Sprecherius.

857 3668 1093 3749 Neque
1146 3669 1561 3735 Fritzschius
1613 3672 2028 3751 principium
2083 3668 2350 3734 fidelius
2402 3674 2668 3731 secutus
2721 3673 2819 3731 est
2878 3690 2892 3730 :
2950 3667 3024 3730 in
3073 3665 3308 3730 tabula

768 3775 1152 3855 provinciae
1206 3776 1661 3847 Taurinorum
1707 3775 2103 3841 methodum
2152 3796 2470 3839 zonarum
2524 3773 2842 3838 adhibuit
2892 3772 2975 3836 ad
3031 3772 3307 3836 investi-

771 3881 1063 3962 gandam
1087 3881 1553 3947 multitudinis
1579 3883 2129 3949 distributionem
2159 3884 2231 3946 in
2257 3880 2546 3961 Alpibus
2572 3904 2588 3959 ;
2620 3881 2693 3944 in
2721 3878 3060 3944 suburbiis
3087 3884 3313 3943 autem

765 3990 1116 4070 Augustae
1138 3988 1590 4054 Taurinorum
1609 3989 1937 4054 flexuosas
1958 3988 2173 4052 lineas
2194 3987 2546 4067 descripsit
2566 3993 2918 4068 postquam
2942 3986 3313 4051 incolarum

772 4096 1032 4177 copiam
1058 4096 1473 4176 computavit
1502 4096 1575 4159 in
1602 4095 1892 4175 singulis
1921 4094 2331 4174 municipiis.
3081 4084 3094 4093 ⁰

858 4215 956 4279 At
982 4218 1055 4281 in
1085 4216 1247 4296 ipsis
1275 4216 1664 4296 regionibus
1693 4216 2031 4280 montanis
2061 4237 2195 4279 non
2226 4212 2458 4278 eadem
2490 4213 2746 4278 ratione
2777 4212 3113 4277 minuitur
3139 4210 3313 4277 mul-

774 4320 996 4386 titudo
1036 4344 1113 4387 ac
1154 4326 1461 4387 crescunt
1504 4319 1920 4387 altitudines.
1968 4321 2055 4386 In
2098 4322 2408 4386 omnibus
2452 4320 2786 4384 montium
2826 4319 3012 4399 jugis
3057 4339 3315 4398 semper

771 4427 1068 4509 dispares
1110 4434 1270 4492 sunt
1307 4428 1592 4493 duorum
1630 4426 1921 4492 laterum
1960 4433 2193 4493 status.
2237 4425 2439 4492 Modo
2482 4426 2722 4503 mollis,
2765 4425 2961 4490 modo
3002 4446 3313 4506 praeceps

768 4541 869 4599 est
896 4533 1283 4612 declivitas3
1314 4534 1429 4601 hic
1454 4534 1660 4598 latius
1688 4539 1927 4615 patent
1954 4535 2259 4614 integrae
2286 4532 2515 4612 silvae,
2548 4532 2692 4597 illic
2719 4536 2934 4596 terrae
2965 4531 3307 4609 excultae3

767 4643 880 4707 hic
931 4641 1143 4722 aprici
1195 4641 1374 4720 clivi,
1431 4640 1579 4706 illic
1626 4641 2025 4706 umbracula
2075 4640 2380 4705 vallium.
2437 4639 2780 4704 Montium
2831 4639 3046 4719 magis
3102 4658 3307 4718 quam.

771 4749 1069 4830 cujusvis
1108 4748 1238 4813 loci
1277 4748 1658 4829 frequentia
1696 4746 1776 4812 fit
1815 4746 2187 4824 mutabilis,
2229 4751 2428 4826 prout
2468 4746 2554 4812 ad
2595 4746 2920 4811 orientem
2960 4744 3067 4810 vel
3109 4744 3317 4809 aliam

776 4855 946 4919 caeli
984 4860 1250 4935 partem
1290 4859 1613 4935 spectant.
