3720 5875
1971 588 2316 652 „52-

873 750 1251 816 Numerum
1287 748 1507 826 illum,
1545 747 1793 811 multos
1827 748 1970 827 jam
2008 752 2165 811 ante
2201 770 2409 811 annos
2448 753 2681 810 exacte
2716 747 3093 828 vulgatum,
3132 770 3438 815 numero

870 856 1161 939 quodam
1198 854 1616 936 multiplicat
1653 876 1854 935 quem
1895 854 1995 918 ita
2031 854 2377 919 existimat
2424 878 2437 917 :
2483 876 2841 919 numerum
2880 855 3183 920 omnium
3225 858 3426 921 inco-

866 964 1090 1028 larum
1135 963 1323 1028 urbis
1368 962 1731 1027 Bucuresci
1781 984 1935 1025 cum
1982 984 2263 1025 numero
2309 984 2541 1026 eorum
2589 962 2705 1041 qui
2754 960 3094 1042 stipendia
3139 963 3420 1027 solvunt

867 1071 1149 1149 confert,
1200 1078 1268 1136 et
1316 1070 1639 1150 comperit
1689 1091 2049 1132 numerum
2100 1069 2487 1149 proximum
2539 1090 2819 1133 numero
2868 1069 3175 1134 omnium
3224 1071 3411 1134 inco—

863 1177 1086 1242 larum
1144 1177 1498 1241 inventum
1552 1198 1690 1240 esse
1747 1175 2266 1256 multiplicando
2323 1176 2565 1255 septies
2621 1197 2978 1241 numerum
3037 1175 3406 1257 stipendia-

861 1284 1118 1348 riorum
1145 1284 1189 1347 ¹.

949 1388 1079 1453 Sed
1116 1388 1400 1454 dubium
1439 1396 1540 1453 est
1576 1411 1740 1453 num
1780 1388 1865 1452 ad
1902 1395 2121 1452 totum
2161 1411 2444 1468 regnum
2486 1388 2868 1453 Rumaniae
2906 1389 3128 1455 valeat
3167 1390 3398 1454 multi-

860 1497 1150 1577 plicator
1188 1496 1306 1560 ille
1346 1518 1685 1572 numerus,
1728 1518 1929 1575 quem
1971 1496 2368 1559 monstravit
2411 1517 2547 1559 esse
2597 1496 2725 1574 (7),
2769 1493 3185 1576 inspiciendo
3229 1495 3400 1558 mul-

858 1601 1224 1667 titudinem
1280 1624 1565 1681 magnae
1620 1602 1826 1666 urbis.
1887 1602 2161 1665 Etenim
2219 1602 2291 1666 in
2345 1603 2611 1682 magnis
2666 1601 2948 1667 urbibus
3003 1602 3393 1683 praesertim

858 1708 1133 1774 infimus
1176 1731 1314 1773 esse
1359 1709 1525 1773 solet
1568 1731 1796 1772 eorum
1841 1731 2161 1772 numerus
2206 1710 2324 1788 qui
2368 1707 2672 1788 pendunt
2715 1707 2992 1775 tributa.
3039 1708 3390 1773 Praeterea

858 1814 1515 1879 commemorandum
1558 1822 1669 1895 ‚est
1722 1815 1958 1879 urbem
2018 1815 2381 1879 Bucuresci
2436 1815 2806 1895 permultos
2866 1815 3153 1880 incolere
3209 1837 3388 1894 pere-

855 1923 1102 2003 grinos
1141 1923 1425 1986 Numeri
1460 1920 1653 1985 valde
1689 1921 1982 1985 mirandi
2018 1945 2094 1986 ea
2130 1928 2271 1985 arte
2307 1923 2783 1997 inveniuntur3
2822 1922 3072 2002 quippe
3110 1944 3389 2001 regnum

853 2028 1233 2092 Rumaniae
1265 2051 1444 2092 anno
1474 2027 2157 2092 MDCCCLXXXVI
2192 2028 2442 2092 incolas
2474 2027 2786 2092 habuisse
2819 2029 2877 2092 6.
2913 2026 3187 2092 787.050
3221 2029 3387 2091 exis-

851 2136 1070 2212 timat,
1111 2135 1180 2198 id
1218 2142 1317 2200 est
1355 2134 1573 2214 magis
1613 2158 1816 2216 quam
1856 2158 1940 2198 ex
1980 2157 2183 2199 censu
2223 2142 2370 2199 acto
2410 2157 2586 2198 anno
2629 2132 3385 2199 MDCCCLXXXXIX

848 2248 1034 2323 patet
1076 2242 1504 2323 (5.912.520).

935 2346 1042 2411 Ad
1077 2370 1274 2411 usum
1313 2349 1459 2429 ejus
1495 2347 1794 2411 methodi
1832 2347 2142 2427 confugit
2179 2346 2461 2411 Sturdza
2499 2352 2772 2428 propter
2807 2371 2883 2412 ea
2920 2347 3099 2428 quod
3136 2345 3386 2411 diffisus

845 2463 945 2520 est
978 2453 1284 2518 censibus
1315 2454 1399 2517 ad
1430 2453 1498 2517 id
1528 2461 1794 2534 tempus
1824 2454 2094 2518 habitis.
2132 2455 2364 2533 Neque
2395 2477 2569 2518 vana
2602 2460 2743 2518 erat
2775 2455 3066 2534 suspicio
3106 2477 3121 2516 τ
3157 2454 3383 2518 incon-

845 2559 984 2625 dite
1019 2568 1083 2625 et
1116 2584 1358 2643 parum
1393 2560 1807 2625 credibiliter
1839 2557 2273 2624 existimatur
2305 2561 2679 2625 incolarum
2717 2583 3037 2625 numerus
3073 2563 3145 2625 in
3180 2582 3384 2640 regno

842 2666 1223 2731 Rumaniae
1245 2690 1284 2731 a
1303 2689 1433 2747 quo
1455 2674 1755 2748 tempore
1777 2668 2038 2747 primus
2058 2689 2293 2731 census
2316 2673 2504 2731 actus
2527 2675 2625 2731 est
2647 2690 2820 2732 anno
2845 2666 3311 2732 MDGCOLIX
3339 2669 3385 2724 ²·

842 2772 1041 2855 quod,
1090 2796 1243 2837 cum
1292 2774 1739 2854 comperirent
1788 2774 1858 2837 in
1909 2795 2332 2853 quacumque
2382 2772 2931 2837 denumeratione
2981 2773 3229 2838 multos
3279 2775 3379 2837 in-

843 2880 1018 2944 colas
1045 2878 1319 2945 omissos
1346 2902 1504 2957 esse,
1533 2879 1873 2945 exactiora
1902 2880 2156 2944 efficere
2184 2886 2618 2945 tentaverunt
2645 2902 2771 2945 usu
2801 2881 3380 2960 computationum

839 2988 992 3068 plus
1024 2988 1133 3052 vel
1163 2988 1388 3052 minus
1422 3010 1576 3051 cum
1608 2987 1892 3051 veritate
1926 2986 2599 3052 accommodatarum.

925 3093 1179 3158 Verum
1212 3116 1363 3158 cum
1394 3094 1676 3158 ultimus
1709 3117 1943 3158 census
1974 3094 2134 3158 satis
2164 3100 2318 3174 apte
2350 3099 2539 3158 actus
2571 3095 2677 3170 sit,
2709 3116 3022 3158 numeros
3053 3101 3171 3158 aut
3201 3116 3377 3159 com-

836 3200 1221 3280 putationes
1266 3200 1350 3264 ab
1398 3201 1512 3265 illo
1562 3223 1759 3264 censu
1809 3200 2064 3265 alienas
2111 3199 2427 3263 adhibere
2472 3224 2608 3264 non
2655 3200 2938 3280 dignum
2985 3201 3210 3264 visum
3258 3207 3373 3264 est.

835 3305 1126 3371 Praebet
1168 3306 1349 3370 enim
1392 3329 1610 3371 unum
1651 3305 2149 3383 documentum,
2197 3329 2327 3386 quo
2370 3329 2551 3370 nunc
2595 3312 2826 3370 exacte
2872 3307 3184 3371 certiores
3226 3307 3374 3371 fieri

832 3437 1182 3495 possumus
1214 3412 1294 3478 de
1327 3414 1700 3478 incolarum
1734 3413 1923 3493 copia
1959 3413 2030 3476 in
2061 3412 2300 3491 Regno
2334 3413 2730 3477 Rumaniae.
2769 3412 3115 3487 Quomodo
3146 3418 3372 3477 autem

833 3519 904 3585 id
949 3521 1067 3586 fiat
1112 3543 1292 3585 nunc
1340 3518 1845 3585 ostendendum.
1893 3519 2000 3582 Ex
2046 3519 2297 3584 chartis
2343 3541 2516 3598 quae
2562 3518 2753 3584 nobis
2800 3520 2872 3584 in
2919 3542 3131 3583 manu
3175 3517 3371 3583 datae

833 3634 990 3691 sunt
1022 3627 1286 3690 extrahi
1319 3633 1579 3707 poterat
1613 3648 1934 3690 numerus
1972 3625 2343 3689 incolarum
2379 3625 2705 3704 cujusque
2739 3626 3101 3705 municipii
3143 3624 3376 3706 (vulgo

828 3733 1173 3812 comana),
1217 3731 1629 3812 digestorum
1676 3733 1747 3794 in
1793 3731 2243 3794 masculinum
2289 3738 2354 3795 et
2400 3730 2809 3794 femininum
2856 3753 3110 3796 sexum.

915 3838 1218 3902 Perutile
1245 3837 1484 3901 fuisset
1513 3838 1566 3900 si
1596 3837 2009 3901 novissemus
2039 3836 2412 3900 incolarum
2443 3859 2800 3901 numerum
2832 3838 2903 3900 111
2933 3859 3199 3916 quoque
3226 3837 3368 3901 loco

822 3943 1002 4009 dicto
1040 3972 1068 4005 ι
1116 3947 1338 4009 catun.
1382 3970 1410 4005 ι
1455 3944 1715 4007 Vocant
1753 3944 1935 4006 enim
1974 3970 2002 4003 ι
2050 3945 2279 4018 caturi,
2321 3968 2350 4003 ι
2397 3941 2744 4006 domorum
2785 3942 3364 4023 conglobationem

824 4073 1025 4131 quam
1076 4049 1586 4129 franco-gallice
1638 4048 1925 4112 dicimus
1975 4075 2003 4108 ι
2064 4048 2371 4113 hameau.
2428 4074 2457 4109 ι
2516 4048 2935 4113 Paucissima
2986 4050 3364 4130 municipia

822 4159 899 4221 111
926 4155 1257 4221 Valachia
1283 4178 1496 4219 unum
1527 4162 1794 4218 tantum
1827 4182 1854 4215 α
1898 4160 2101 4218 catun
2136 4181 2164 4216 ι
2202 4155 2473 4230 habent,
2506 4161 2661 4219 sunt
2694 4156 2898 4219 etiam
2931 4179 3102 4235 quae
3135 4156 3364 4222 decem

820 4264 930 4327 vel
969 4263 1260 4342 amplius
1301 4262 1852 4341 complectantur.
1899 4260 2140 4339 Itaque
2181 4261 2509 4325 nonnulla
2551 4287 2579 4320 ι
2633 4264 2838 4325 οέι131111
2879 4288 2908 4323 ι
2954 4264 3026 4326 111
3064 4262 3357 4343 quadam

820 4370 1094 4449 regione
1137 4367 1435 4432 naturali
1479 4367 1944 4441 inveniuntur,
1989 4389 2141 4430 cum
2185 4367 2514 4430 nonnulla
2558 4365 2643 4431 ad
2684 4367 2863 4433 idem
2906 4371 3362 4451 municipium

818 4475 1230 4556 pertinentia
1273 4476 1345 4538 in
1387 4473 1524 4538 alia
1565 4474 1837 4552 regione
1883 4471 2104 4537 sedem
2149 4471 2460 4538 habeant.

875 4778 921 4827 1.
957 4776 1226 4828 S'rtmnzA.
1263 4774 1360 4837 Op.
1396 4775 1504 4834 cst,
1537 4787 1626 4838 pp.
1660 4774 1819 4825 18-19.

870 4865 917 4915 2.
957 4866 1119 4929 Apud
1147 4864 1441 4917 Sturdzam
1471 4864 1609 4914 haec
1636 4862 2047 4926 perspiciuntur
2075 4864 2323 4914 numeris
2352 4863 2496 4913 inter
2525 4873 2584 4914 se
2615 4861 2847 4925 collati&
2879 4875 2971 4927 pp.
3003 4862 3167 4918 4647.

3198 5781 3349 5800 „flu
3372 5787 3457 5804 .-
