3720 5875
1408 1243 1821 1331 CAPUT
1937 1246 2520 1333 TERTIUM

1580 1503 1673 1565 De
1723 1503 2346 1584 computationibus

784 2055 1071 2121 Finibus
1119 2057 1470 2137 regionum
1518 2057 1934 2122 naturalium
1985 2057 2334 2138 descriptis
2383 2067 2728 2139 supererat
2773 2066 2853 2124 ut
2898 2067 3240 2142 computa-

699 2163 913 2226 tiones
944 2184 1308 2244 ageremus.
1340 2163 1426 2228 In
1457 2186 1535 2227 ea
1561 2187 1717 2228 vero
1745 2187 1944 2244 opera
1973 2164 2319 2229 nonnullis
2353 2166 2788 2230 incommodis
2818 2166 3238 2243 offendimus,

698 2291 981 2348 quorum
1015 2268 1150 2333 alia
1185 2293 1270 2335 ex
1303 2270 1588 2334 materia
1620 2293 1860 2351 parum
1895 2276 2051 2351 apta
2087 2293 2220 2351 qua
2253 2272 2612 2337 utebamur
2646 2274 3067 2353 proveniunt,
3105 2273 3241 2337 alia

700 2398 785 2439 ex
830 2375 1146 2440 methodo
1194 2377 1338 2456 ipsa
1386 2377 1713 2455 adhibita,
1764 2377 1900 2441 alia
1947 2377 2238 2458 denique
2289 2377 2647 2459 indaganti
2695 2379 3239 2443 distributionem

699 2482 1073 2546 incolarum
1116 2484 1485 2548 necessario
1527 2488 1902 2547 occurrunt.

785 2588 885 2651 De
930 2590 1428 2668 computatione
1471 2611 1779 2653 arearum
1822 2611 2042 2669 pauca
2083 2588 2402 2654 dicemus.
2449 2590 2621 2654 Eam
2666 2592 2946 2670 egimus,
2990 2591 3240 2656 utendo

698 2695 1011 2758 machina
1046 2717 1213 2775 quae
1246 2701 1521 2760 vocatur
1556 2720 1585 2755 ιι
1620 2695 2034 2760 Planimetre
2067 2695 2325 2776 polaire
2358 2695 2438 2760 de
2474 2697 2761 2774 Amsler,
2793 2724 2822 2760 ι
2859 2695 3240 2779 tabulisque

700 2801 1165 2882 geographicis
1212 2801 1482 2866 modulo
1527 2802 1603 2866 1:
1653 2803 1952 2868 200.000.
2001 2801 2235 2882 Neque
2279 2801 2494 2867 ullam
2539 2809 2751 2867 artem
2796 2803 3239 2884 negleximus,

699 2929 830 2987 qua
869 2907 1282 2988 computatio
1318 2929 1523 2988 quam
1560 2908 1987 2972 exactissima
2025 2907 2170 2973 fieri
2211 2909 2438 2988 possit.

786 3013 1023 3078 Totam
1061 3014 1477 3094 superficiem
1514 3013 1880 3078 Valachiae
1919 3014 2016 3092 (id
2054 3019 2153 3080 est
2188 3014 2501 3079 undecim
2536 3017 3038 3096 provinciarum
3074 3040 3241 3097 quae

698 3119 1020 3183 dicuntur
1052 3143 1065 3182 :
1130 3118 1528 3197 Mehedinti‚
1591 3119 1780 3200 Gorj,
1842 3120 2112 3196 Valcea,
2173 3120 2409 3201 Arges‚
2471 3120 2750 3199 Muscel,
2816 3122 3242 3201 Dfimbovita‚

698 3226 1025 3303 Prahova,
1078 3224 1325 3304 Buzeu‚
1377 3226 1714 3290 Ramnicu
1768 3226 1975 3303 Sarat,
2024 3227 2281 3305 Braila,
2331 3228 2374 3291 J
2379 3228 2675 3307 alomita‚
2724 3228 2925 3305 Ilfov,
2979 3228 3240 3309 Vlasca,

700 3330 1111 3408 Teleorman,
1153 3330 1336 3407 Oltu,
1378 3331 1740 3410 Romanati
1781 3337 1850 3396 et
1889 3332 2073 3412 Dolj)
2115 3333 2652 3397 existimavimus
2691 3332 2926 3395 77.574
2964 3330 3240 3396 kilome-

700 3450 957 3501 trorum
1018 3438 1088 3502 id
1132 3442 1231 3501 est
1269 3437 1473 3517 paulo
1512 3438 1843 3503 minorem
1883 3461 2085 3519 quam
2129 3439 2186 3501 si
2229 3439 2725 3519 computatione
2766 3462 2904 3503 una
2945 3461 3240 3518 compre-

692 3542 947 3608 hendas
969 3565 1301 3622 numeros,
1325 3545 1569 3625 quibus
1591 3544 2064 3625 exprimuntur
2085 3567 2275 3608 areae
2299 3545 2722 3625 singularum
2745 3545 3242 3625 provinciarum

699 3648 1256 3730 supradictarum,
1339 3649 1703 3715 secundum
1784 3650 2356 3714 existimationem
2442 3648 2781 3727 Sturdzae‚
2858 3651 2945 3715 ab
3020 3651 3242 3715 officio

701 3782 729 3817 α
764 3755 1034 3822 Bureau
1056 3755 1137 3821 de
1161 3756 1543 3837 statistique
1567 3757 1659 3821 du
1682 3756 2035 3821 Ministere
2060 3755 2141 3820 de
2164 3755 2650 3835 l’Agriculture
2683 3784 2712 3819 ι
2737 3780 2822 3820 ex
2844 3757 3241 3821 auctoritate

698 3862 970 3943 publica
1008 3861 1259 3926 editam
1287 3863 1331 3925 1.

784 3969 1161 4033 Numerum
1193 3968 1564 4033 incolarum
1596 3968 1922 4047 cujusque
1953 3967 2246 4048 regionis
2280 3966 2610 4032 naturalis
2644 3974 3026 4049 computare
3060 3968 3241 4033 diffi-

698 4075 894 4139 cilius
932 4075 1084 4140 fuit.

785 4182 1092 4246 Primum
1124 4181 1361 4265 ,omnia
1399 4180 1772 4260 municipia
1812 4178 2101 4260 reperire
2144 4182 2215 4246 in
2257 4180 2492 4245 tabula
2528 4180 2802 4246 modulo
2843 4182 2919 4245 l:
2961 4181 3242 4247 200.000

699 4285 1045 4370 oportebat
1082 4293 1150 4352 et
1187 4287 1447 4352 nomini
1487 4287 1809 4367 cujusque
1848 4286 2209 4367 municipii
2249 4285 2623 4351 adscribere
2662 4308 3018 4351 numerum
3060 4287 3241 4350 inco-

697 4395 919 4459 larum
958 4392 1401 4458 rationalibus
1441 4392 1689 4456 litteris
1731 4414 2138 4472 expressum.

758 4570 803 4621 1.
841 4569 1008 4620 77593
1039 4569 1131 4619 kil.
1164 4567 1354 4629 (Arges
1385 4567 1542 4624 4435,
1574 4567 1760 4618 Braila
1789 4567 1948 4625 4358,
1983 4567 2165 4618 Buzeu
2195 4566 2352 4627 4863,
2387 4565 2701 4617 Dimbovita
2730 4566 2889 4627 3.456,
2922 4565 3042 4627 Dolj
3077 4566 3237 4626 6565,

697 4645 823 4706 Gor-j
864 4644 1022 4702 4698,
1060 4642 1319 4703 Jalomita
1355 4642 1513 4701 6789,
1554 4642 1693 4692 ΙΠον
1728 4642 1888 4701 5780,
1929 4642 2228 4703 Mehedinti
2266 4641 2424 4701 4949,
2463 4640 2673 4691 Muscel
2711 4640 2870 4699 2954,
2910 4639 3039 4691 Oltu
3075 4637 3237 4699 2825,

696 4719 950 4769 Prahova
973 4717 1131 4777 4664,
1158 4716 1425 4767 Ramnicu
1448 4716 1611 4767 Sat-at
1631 4716 1790 4776 3268,
1816 4716 2112 4775 Romanati
2137 4715 2294 4775 4577,
2316 4713 2644 4763 Telcorman
2668 4714 2827 4772 4685,
2854 4713 3054 4763 Valcea
3081 4711 3239 4771 4239,

697 4793 898 4843 Vlssca
926 4792 1099 4849 4.488).
1131 4819 1194 4827 —
1223 4791 1490 4843 S’runnzA.
1525 4791 1825 4853 Suprafata
1856 4792 1904 4852 si
1935 4791 2332 4854 populatiunea
2365 4788 2653 4850 Regatului
2688 4788 2974 4839 Romaniei
3010 4786 3111 4836 loc.
3148 4786 3236 4836 cit.

696 4896 757 4903 —-
785 4868 1047 4918 Cossscu.
1082 4865 1511 4917 Recensimintul
1540 4867 1767 4929 general
1796 4866 1850 4916 al
1878 4864 2259 4929 populatiunei
2289 4864 2578 4915 Romaniei
2607 4863 2731 4914 Dec.
2763 4862 2901 4922 1899,
2933 4862 3064 4914 Buc,
3093 4860 3236 4914 1900.
