3720 5875
1862 608 2206 671 —36-

850 1006 881 1088 ἓ
903 1008 963 1073 2.
987 1044 1077 1056 —
1096 1004 1138 1069 I
1140 1002 1487 1069 ncolarum
1515 1004 1704 1084 copia
1726 1005 1802 1068 in
1826 1004 2000 1066 areis
2026 1001 2373 1082 yeoloyica
2397 999 2525 1067 soli
2547 1012 2792 1066 natura
2817 999 3216 1067 delimitatis

1767 1109 2287 1174 demonstratur.

847 1316 1042 1382 Inter
1074 1336 1299 1381 omnes
1334 1316 1452 1396 qui
1484 1320 1920 1379 tentaverunt
1950 1313 2403 1378 demonstrare
2437 1314 2765 1378 rationem
2800 1313 3306 1378 distribuendae

760 1421 1226 1486 multitudinis
1265 1422 1337 1484 in
1374 1422 1545 1485 areis
1583 1427 1826 1484 natura
1864 1421 2406 1499 circumscriptis,
2447 1442 2675 1484 eorum
2712 1421 3067 1500 praecipue
3105 1420 3308 1484 utilia

759 1528 1042 1592 suerunt
1081 1549 1301 1608 opera,
1345 1533 1413 1592 et
1453 1526 1762 1591 callidior
1803 1549 1928 1603 ars,
1971 1527 2085 1605 qui
2128 1527 2310 1589 zonis
2353 1527 2458 1589 usi
2501 1532 2661 1589 sunt
2701 1527 2784 1590 ad
2829 1524 3305 1606 significandas

760 1632 1057 1697 locorum
1081 1632 1475 1696 altitudines
1502 1633 1871 1711 descriptis,
1899 1632 2298 1695 Paucissimi
2325 1633 2546 1696 conati
2574 1639 2728 1695 sunt
2755 1634 3177 1697 continenter
3202 1632 3305 1698 uti

762 1744 904 1802 arte
927 1737 1227 1820 ejusdem
1250 1738 1513 1817 generis
1535 1743 1612 1803 ut
1635 1738 2063 1802 ostenderent
2086 1745 2416 1817 quantum
2439 1736 2519 1800 ad
2546 1737 3048 1801 distribuendae
3073 1737 3304 1802 multi-

759 1842 1018 1908 tudinis
1048 1845 1379 1908 rationem
1414 1845 1797 1907 conferrent
1827 1844 1962 1908 alia
1992 1844 2332 1906 naturalia
2364 1843 2843 1923 phaenomena.

848 1949 921 2013 Si
973 1949 1097 2014 soli
1148 1948 1545 2014 altitudines
1598 1950 1989 2029 seposueriS,
2044 1956 2459 2029 compertum
2515 1948 2790 2013 habebis
2844 1957 2999 2012 ante
3053 1956 3305 2012 ceteras

761 2077 992 2121 causas
1034 2056 1317 2123 maximi
1358 2058 1686 2122 momenti
1729 2078 1871 2121 esse
1911 2061 2226 2120 naturam
2268 2062 2548 2121 crustae.
2596 2055 2781 2128 Quae
2825 2056 2989 2135 quid
3033 2055 3116 2120 ad
3161 2078 3305 2119 rem

761 2162 1066 2228 conferre
1111 2163 1319 2242 possit
1368 2169 1703 2227 scrutatus
1752 2168 1852 2226 est
1902 2162 2253 2226 Kusterius
2307 2164 2375 2225 in
2428 2184 2621 2241 opere
2674 2189 2702 2222 α
2739 2161 2865 2225 Die
2920 2160 3301 2225 Buntsand-

761 2269 1204 2347 steingebiete
1245 2292 1259 2345 ;
1338 2269 1484 2332 ihre
1561 2267 2404 2347 Oberflachengestaltung
2474 2266 2615 2331 und
2689 2267 3296 2346 anthropogeogra-

757 2374 1086 2455 phischen
1122 2373 1586 2438 Verhiiltnisse
1614 2376 1659 2449 ¹,
1688 2401 1717 2435 ι
1765 2397 1900 2438 non
1938 2379 2164 2437 tamen
2204 2380 2480 2437 conatus
2517 2373 2784 2437 tabula-s
2823 2374 3302 2453 geographicas

757 2481 1089 2545 instruere
1123 2481 1368 2561 quibus
1404 2503 1548 2545 rem
1582 2480 1804 2559 aptius
1841 2480 2262 2559 exprimeret.
2833 2479 2836 2482 ’

845 2585 1261 2651 Delitschius
1313 2593 1542 2652 autem
1591 2586 1839 2652 multos
1893 2591 2049 2650 ante
2104 2607 2312 2650 annos
2364 2585 2689 2665 plurimas
2744 2586 3008 2650 tabulas
3062 2585 3297 2662 edidit,

757 2693 1004 2772 quibus
1040 2691 1546 2769 demonstraret,
1583 2699 1913 2772 quatenus
1952 2693 2330 2757 incolarum
2364 2691 2556 2771 copia
2591 2690 2910 2771 penderet
2948 2715 3029 2755 ex
3067 2692 3299 2756 altitu-

757 2798 1032 2863 dinibus
1059 2804 1126 2862 et
1155 2798 1499 2879 geologica
1525 2805 1768 2862 natura
1793 2800 1840 2861 2.
1872 2799 1966 2862 At
1993 2820 2225 2862 revera
2249 2798 2525 2877 praebet
2555 2804 2819 2863 tantum
2852 2805 2986 2862 tres
3016 2798 3299 2874 tabulae,

756 2925 1044 2985 quarum
1085 2905 1157 2969 in
1201 2926 1338 2970 una
1382 2904 1760 2969 ostenditur
1803 2903 2146 2984 geologica
2190 2910 2450 2968 crustae
2495 2910 2755 2983 natura,
2804 2905 2875 2969 in
2920 2905 3131 2969 altera
3176 2904 3297 2970 soli

757 3010 1174 3088 altitudineS,
1206 3012 1276 3075 in
1304 3012 1503 3074 tertia
1533 3019 1758 3075 autem.
1787 3011 2158 3074 incolarum
2186 3011 2373 3090 copia
2405 3011 2474 3073 in
2505 3012 2865 3090 provinciis
2894 3017 3295 3092 computata.

757 3115 997 3195 Itaque
1041 3117 1218 3179 nihil
1262 3116 1450 3180 aliud
1493 3117 1728 3181 fecisse
1773 3116 2042 3180 videtur
2085 3138 2285 3196 quam
2332 3117 2595 3180 tabulas
2643 3118 2818 3179 inter
2865 3141 2931 3179 se
2978 3118 3294 3182 conferre.

757 3220 1039 3298 Deinde,
1080 3225 1398 3301 quoniam
1442 3224 1814 3286 incolarum
1858 3224 2047 3301 copia
2090 3224 2160 3285 in
2198 3223 2373 3286 areis
2415 3246 2497 3285 ex
2538 3230 2732 3303 pacto
2775 3224 3300 3302 circumscriptis

755 3334 1139 3407 computata
1164 3335 1282 3407 est,
1310 3329 1590 3394 difficile
1614 3330 1994 3409 perspicieS,
2022 3328 2184 3409 quid
2211 3330 2293 3394 ad
2320 3352 2459 3392 rem
2484 3330 2785 3394 conferre
2811 3331 3070 3409 possint
3094 3331 3297 3411 phae-

753 3456 1042 3500 nomena
1063 3436 1345 3516 physica
1370 3436 1442 3499 in
1468 3437 1802 3516 prioribus
1830 3434 2080 3498 tabulis
2107 3434 2579 3500 demonstrata.
2610 3435 3000 3498 Rationales
3027 3435 3299 3515 quidem

754 3542 1036 3618 litteras,
1090 3542 1333 3621 quibus
1388 3543 1760 3605 incolarum
1815 3542 2007 3620 copia
2060 3541 2486 3620 exprimitur,
2541 3541 2883 3620 inscripsit
2939 3543 3014 3604 in
3062 3542 3295 3605 tabula

752 3668 886 3727 qua
929 3646 1324 3711 altitudines
1371 3647 1862 3726 significantur,
1910 3669 2162 3725 verum,
2210 3669 2360 3711 cum
2406 3648 2572 3711 fines
2618 3648 3118 3727 provinciarum
3161 3670 3294 3712 nom

753 3753 1129 3817 delineatae
1154 3755 1311 3831 sint,
1339 3776 1473 3816 non
1501 3776 1848 3834 possumus
1878 3752 2259 3833 intelligere
2285 3756 2357 3818 in
2384 3775 2515 3833 qua
2543 3776 2694 3817 area
2721 3755 2808 3818 sit
2836 3755 3294 3819 habitantium

752 3860 945 3939 eopia
981 3881 1182 3939 quam
1220 3860 1582 3923 ostendunt
1620 3859 1909 3936 litterae,
1952 3864 2071 3922 aut
2106 3865 2437 3938 quatenus
2479 3860 2600 3923 illa
2637 3860 2826 3939 copia
2865 3883 3166 3926 connexa
3207 3862 3296 3924 sit

752 3987 905 4030 cum
939 3966 1111 4028 areis
1144 3971 1390 4029 natura
1423 3964 1840 4030 delimitatia

839 4071 1061 4150 Magis
1101 4071 1459 4150 conspicua
1497 4077 1596 4134 est
1636 4070 2149 4135 Kaesemecheri
2191 4069 2422 4134 tabula
2454 4073 2497 4145 ⁸,
2537 4077 2615 4136 ut
2654 4073 2770 4151 qui
2810 4094 2984 4135 unus
3025 4072 3298 4152 quidem

751 4181 964 4240 totam
997 4199 1264 4257 operam
1295 4176 1557 4241 dederit
1591 4176 1675 4241 ad
1710 4176 2310 4241 demonstrandum
2345 4175 2594 4241 tabulis
2631 4177 3095 4257 geographicis
3131 4178 3292 4257 quid

810 4377 857 4427 1.
895 4377 1117 4427 Forsch.
1147 4392 1191 4427 z.
1225 4379 1286 4428 D.
1318 4380 1533 4427 [Anides
1565 4379 1677 4427 und
1710 4378 2083 4439 Valleslcunde,
2117 4380 2178 4437 V,
2212 4379 2347 4437 1801,
2381 4380 2469 4429 102
2501 4393 2551 4441 p.

809 4466 855 4514 2.
893 4465 954 4514 Ο.
999 4465 1288 4516 [)ι·ῑ1,ι’15(;11.
1333 4467 1832 4528 liartograpliifflshc
1875 4467 2230 4530 Udi-stollung
2271 4468 2368 4515 (lcr
2408 4468 3142 4531 B‹.=x·‹')ll<ci·ung.<dichtigkeit
3182 4483 3290 4519 von

746 4540 1271 4590 Westdcutschland
1318 4542 1413 4590 uus
1460 4543 1647 4591 (ji-und
1696 4544 2203 4603 1151151111ιοινίμιςιιῡι·
2251 4543 2362 4590 und
2414 4544 2866 4603 gcwgnostischcr
2917 4544 3288 4594 Vei-liiiltnisse

744 4614 1053 4665 Jalzresber.
1085 4616 1138 4665 d.
1173 4616 1293 4665 Ver.
1324 4628 1376 4664 υ.
1411 4616 1695 4666 Freunden
1730 4617 1780 4666 d.
1815 4616 1980 4666 Erdlc.
2016 4618 2248 4679 Leipzig,
2282 4617 2418 4675 1805,
2451 4630 2541 4678 pp.
2577 4619 2703 4667 1-90.

807 4702 857 4752 3.
891 4704 947 4755 C.
980 4703 1386 4754 KOESEMAcunR.
1417 4704 1514 4755 Die
1542 4704 1894 4755 Volksdichte
1923 4705 2022 4756 der
2047 4704 2489 4766 'rhuringischen
2516 4704 2861 4755 Triasmulde
2893 4706 3114 4755 Forsch.
3147 4718 3190 4755 z.
3225 4706 3285 4754 D.

743 4779 960 4828 Landes
989 4779 1104 4827 und
1133 4777 1508 4836 Vollcslsunde,
1538 4779 1624 4839 VI,
1652 4779 1772 4829 1892
1799 4791 1927 4829 cum
1958 4778 2144 4829 tabula
2173 4777 2400 4828 modulo
2430 4780 2451 4826 1
2490 4791 2500 4827 :
2527 4778 2731 4830 400.000
2757 4792 2897 4841 quac
2926 4780 3244 4831 inscribitur
3278 4794 3289 4831 :

746 4854 912 4904 Kar-te
941 4853 1040 4903 der
1069 4852 1420 4903 Volksdichte
1452 4854 1548 4904 des
1576 4853 2018 4916 Thuringischen
2047 4853 2224 4903 TriaS.
