3720 5875
1562 590 1866 654 ...7-

445 758 523 823 in
564 757 809 838 quibus
852 754 1084 820 eadem
1126 755 1215 819 sit
1280 754 1654 819 incolarum
1722 753 1934 833 copia,
1978 750 2441 816 habitantium
2505 755 2735 814 tamen
2802 746 2986 814 sedes

446 862 726 928 diversis
754 862 968 927 modis
999 862 1407 942 glomeratae
1435 861 1590 938 sint,
1621 860 1732 924 hic
1758 859 1947 924 vicos
1970 864 2261 935 tantum,
2293 857 2437 922 illic
2467 862 2701 923 contra
2728 856 2987 922 viculos

446 976 513 1033 et
541 967 892 1033 domorum
922 967 994 1031 in
1025 968 1205 1047 agris
1235 968 1488 1047 passim
1516 967 1884 1031 effusarum
1915 964 2426 1030 multitudinem
2460 965 2781 1030 invenies.
2815 964 2984 1029 Tam

445 1074 781 1156 disparem
844 1074 1190 1139 domorum
1257 1072 1803 1138 distributionem
1846 1095 1932 1136 ex
1994 1073 2117 1137 8011
2180 1072 2509 1153 peculiari
2571 1077 2836 1149 natura,
2901 1093 2986 1135 ex

444 1180 1043 1247 consuetudinibus
1080 1179 1360 1245 diversis
1395 1179 1714 1244 colendae
1744 1186 1966 1245 terrae
1997 1179 2373 1260 profectam
2409 1203 2547 1245 esse
2583 1177 2982 1243 videbimus

531 1287 839 1361 Quanam
879 1287 1306 1369 proportione
1347 1286 1519 1351 illud
1559 1285 2181 1356 demonstrabitur?
2223 1284 2540 1351 Nondum
2581 1285 2727 1350 visa
2765 1292 2866 1350 est
2903 1282 2985 1348 de

442 1394 570 1458 hac
602 1417 670 1458 re
704 1394 1065 1459 consentio.
1103 1393 1273 1458 Cum
1309 1394 1663 1472 scriptores
1695 1391 1864 1456 dicti
1897 1393 2211 1457 statistici
2247 1391 2706 1472 quaestionem
2739 1414 2984 1472 parum

444 1499 847 1579 curaverint,
892 1498 1139 1564 accidit
1182 1506 1259 1564 ut
1302 1501 1567 1580 saepius
1611 1522 1694 1563 ex
1740 1498 2049 1564 censibus
2094 1520 2176 1563 ne
2220 1519 2534 1563 numeros
2578 1495 2853 1577 quidem
2898 1495 2983 1562 ad

438 1630 582 1673 rem
624 1606 1163 1686 investigandam
1205 1612 1394 1687 aptos
1436 1606 1788 1670 extrahere
1825 1606 2175 1686 possimus.

528 1714 885 1794 Proportio
928 1712 1258 1778 facillime
1308 1713 1809 1794 computabitur
1859 1712 1947 1776 ad
1994 1735 2134 1775 rem
2188 1709 2780 1776 demonstrandam
2826 1733 2978 1775 con-

439 1819 718 1885 ferendo
775 1842 1134 1884 numerum
1194 1816 1655 1884 habitantium
1717 1821 1788 1883 in
1846 1818 2131 1883 urbibus
2194 1842 2347 1882 cum
2409 1840 2691 1882 numero
2750 1835 2981 1882 eorum

441 1927 561 2006 qui
597 1928 667 1989 in
701 1927 869 1990 vicis
906 1928 1229 1991 incolunt.
1272 1926 1490 1999 Quam
1528 1926 1855 1990 rationem
1895 1924 2297 2006 jamdudum
2335 1923 2720 1989 habuerunt
2756 1924 2979 1988 statis·

441 2033 581 2098 tici.
629 2033 1056 2098 Levassorius
1102 2033 1245 2113 ipse
1289 2031 1502 2097 edidit
1547 2032 1852 2097 tabulam
1899 2054 2070 2111 quae
2117 2030 2515 2095 inscribitur
2559 2056 2589 2092 «ι
2644 2029 2845 2095 Carte
2887 2027 2978 2094 du

442 2138 747 2220 Rapport
775 2139 858 2203 de
886 2140 956 2203 la
984 2139 1394 2220 Population
1424 2138 1649 2203 rurale
1679 2142 1720 2203 a
1748 2139 1819 2202 la
1846 2137 2245 2219 population
2274 2136 2562 2201 urbaine
2588 2158 2713 2217 par
2741 2135 2976 2217 depar-

438 2251 727 2310 tements
767 2268 852 2310 en
895 2246 1054 2310 1881
1100 2273 1129 2307 n
1180 2248 1200 2286 1
1244 2247 1317 2310 in
1358 2268 1491 2326 qua
1532 2271 1560 2306 α
1612 2268 1761 2309 80118
1804 2245 1873 2308 la
1911 2243 2418 2309 denomination
2458 2240 2539 2307 de
2578 2242 2977 2324 population

358 2349 370 2360 ’
441 2351 723 2417 urbaine
769 2358 919 2417 sont
964 2353 1322 2433 comprises
1365 2356 1585 2416 toutes
1632 2350 1728 2415 les
1776 2372 2161 2415 communes
2207 2356 2414 2430 ayant
2456 2349 2611 2429 plus
2658 2347 2741 2414 de
2783 2348 2977 2414 2000

439 2458 781 2524 habitante
815 2459 1229 2538 agglomeres
1265 2484 1322 2522 ι.

525 2566 881 2645 Propertio
906 2571 1133 2629 autem
1164 2563 1551 2646 supradicta
1576 2586 1717 2629 rem
1746 2586 1988 2643 parum
2020 2569 2252 2629 exacte
2283 2564 2659 2643 exprimere
2687 2560 2974 2627 videtur.

436 2670 856 2735 Difficillime
892 2671 1073 2734 enim
1108 2671 1423 2736 notitiam
1461 2671 1760 2735 invenies
1797 2684 1935 2750 qua
1965 2692 2321 2748 agnoscere
2357 2670 2587 2750 possis,
2624 2691 2797 2749 quae
2832 2671 2979 2735 loca

439 2778 510 2841 in
558 2777 869 2841 omnibus
917 2777 1304 2856 regionibus
1352 2777 1625 2841 urbium
1674 2799 1918 2841 nomen
1965 2776 2207 2840 merito
2256 2776 2625 2841 obtineant.
2674 2775 2764 2840 In
2809 2797 2974 2840 non-

434 2883 644 2950 nullis
675 2884 921 2964 regniS,
952 2890 1029 2948 ut
1062 2884 1133 2948 in
1163 2882 1508 2948 Rumania
1535 2883 1817 2949 titulum
1847 2883 2118 2963 publice
2150 2881 2470 2949 mandare
2503 2881 2737 2961 solent,
2771 2882 2871 2946 ita
2899 2885 2977 2947 ut

437 2990 511 3055 in
550 2990 896 3055 nonnullis
940 2991 1103 3055 locis
1146 3013 1318 3070 quae
1362 2989 1684 3054 dicuntur
1727 3017 1755 3052 α
1809 3012 2197 3055 communes
2241 2989 2495 3055 rurales
2543 3016 2573 3051 ι
2625 2989 2844 3070 major
2887 2989 2977 3054 sit

434 3096 809 3162 incolarum
838 3118 1159 3163 numerus
1191 3119 1393 3175 quam
1425 3097 1495 3159 in
1528 3095 1931 3176 quibusdam
1960 3096 2262 3160 urbibus.
2297 3096 2385 3160 In
2414 3095 2802 3176 regionibus
2832 3107 2973 3159 m'a-

435 3203 585 3280 gnis
611 3201 894 3268 urbibus
924 3202 1320 3282 conspicuis,
1349 3202 1802 3283 proportionis
1830 3201 2254 3283 supradictae
2284 3225 2441 3276 usus
2472 3202 2677 3266 etiam
2706 3201 2976 3282 pravior

433 3306 735 3383 videtur;
782 3306 960 3388 quod
1003 3308 1164 3372 satis
1209 3307 1433 3372 lucide
1477 3331 1561 3371 ex
1601 3308 1836 3373 tabula
1883 3308 2257 3374 Levassorii
2304 3330 2641 3388 agnoscas,
2692 3307 2973 3388 Saepius

434 3414 615 3477 enim
654 3436 790 3478 uno
828 3415 971 3479 loco
1011 3414 1370 3496 glomerari
1413 3415 1697 3480 crederis
1737 3415 2044 3480 homines
2085 3416 2157 3479 in
2198 3415 2593 3479 Aremorica
2637 3412 2971 3494 (departe-

431 3527 620 3584 ment
696 3518 1332 3600 d'Ille-et-Vilaine)
1417 3545 1620 3601 quam
1698 3523 1772 3587 in
1847 3522 2054 3602 plaga
2129 3544 2298 3600 quae
2378 3520 2631 3585 dicitur
2707 3518 2970 3583 Beaucc

441 3623 936 3704 (departement
965 3625 1580 3706 d'Eure-et-Loir);
1620 3650 2007 3709 quanquam
2045 3627 2516 3707 sagacissimus
2549 3627 2972 3708 geographus

430 3733 673 3796 merito
703 3731 1185 3798 animadvertit
1222 3758 1234 3796 :
1270 3733 1526 3799 viculos
1558 3735 1774 3801 multo
1807 3734 2037 3814 plures
2068 3735 2141 3798 in
2172 3733 2568 3799 Aremorica
2595 3755 2735 3798 esse
2767 3756 2971 3814 quam

431 3837 653 3902 ubivis
688 3837 781 3918 (p.
812 3837 994 3917 429).

516 3943 911 4009 Methodum
951 3946 1276 4026 aptiorem
1317 3944 1633 4011 adhibuit
1671 3947 2077 4010 Chavannus
2118 3947 2191 4011 in
2229 3944 2451 4012 studio
2491 3971 2521 4007 α
2567 3945 2971 4026 Verteilung

428 4048 547 4113 der
585 4050 1057 4132 Bevolkerung
1097 4052 1545 4117 Frankreichs
1589 4079 1619 4114 ι
1668 4054 1714 4117 ².
1757 4052 2091 4117 Tabulam
2133 4051 2434 4118 instituit
2474 4051 2973 4131 significantem

430 4176 632 4236 quam
676 4155 1063 4237 frequentia
1106 4158 1246 4223 sint
1286 4156 1433 4224 loca
1477 4158 1771 4239 amplius
1816 4181 2020 4240 quam
2067 4156 2200 4223 duo
2242 4159 2469 4223 millia
2507 4157 2970 4224 habitantium

428 4261 861 4326 continentia.
923 4262 1026 4326 Eo
1082 4261 1355 4343 quidem
1415 4263 1609 4329 modo
1667 4265 1973 4345 regiones
2034 4263 2411 4345 oppidanae
2467 4264 2671 4330 facile
2730 4288 2968 4345 agnos-

429 4372 695 4443 cuntur,
732 4373 802 4431 at
836 4365 1120 4433 difficile
1153 4370 1531 4450 percipitur
1563 4394 1699 4452 qua
1733 4372 1994 4437 ratione
2032 4372 2389 4452 glomerati
2425 4371 2564 4437 sint
2594 4371 2856 4438 incolae
2892 4372 2967 4435 in

426 4473 813 4552 regionibus
844 4474 964 4537 ubi
992 4476 1388 4554 praesertim
1424 4500 1683 4557 sparsas
1714 4477 1943 4543 domos
1973 4476 2304 4543 habitant.

485 4622 532 4672 1.
567 4623 900 4676 LssvAssenn.
933 4626 1010 4678 La
1038 4629 1366 4689 population
1395 4629 1688 4692 franceise,
1721 4631 1907 4682 tomus
1939 4631 1976 4681 1.

486 4710 531 4760 2.
566 4712 610 4762 J.
643 4712 957 4763 CHAVANNE.
993 4713 1088 4765 Die
1120 4715 1440 4780 Verteilung
1469 4718 1585 4767 und
1616 4718 1935 4782 Bewegung
1965 4720 2064 4771 der
2093 4720 2479 4784 Bevolkerung
2510 4719 2877 4771 Frankreichs
2908 4720 2968 4772 in

427 4786 578 4836 ihren
615 4788 1250 4853 Wechselheziehungen
1285 4804 1410 4841 zum
1446 4793 1633 4843 Boden
1668 4794 1764 4844 des
1799 4795 2035 4854 LandeS‚
2072 4796 2133 4845 D.
2170 4795 2508 4846 Rundschau
2540 4795 2579 4859 {-
2620 4795 2812 4856 Geoqr.
2851 4795 2967 4846 und

420 4859 687 4923 Statistilc,
717 4862 858 4925 1883,
889 4875 980 4925 pp.
1013 4865 1233 4926 493-497,
1266 4878 1357 4929 pp.
1389 4866 1612 4928 566-571,
1645 4880 1773 4919 cum
1808 4867 2009 4921 tabulis
2040 4869 2067 4920 1
2105 4882 2117 4921 :
2147 4870 2418 4922 5.ΟΟΟ.ΟΟΟ.
