3720 5875
1523 1108 1916 1208 CAPUT
2005 1108 2557 1192 TERTIUM

770 1363 1144 1426 Incolarum
1174 1362 1366 1443 copia
1394 1363 1467 1425 in
1488 1363 1667 1426 areis
1696 1369 1939 1426 natura
1961 1362 2361 1427 delimitatis
2389 1369 2775 1444 computata
2802 1362 3316 1427 demonstratur

850 1845 1106 1908 Mirum
1138 1843 1467 1924 imprimis
1506 1842 1792 1919 videtur,
1833 1841 2156 1922 quosdam
2196 1844 2630 1923 geographos,
2673 1867 2824 1907 cum
2866 1843 3312 1906 tentavissent

768 1950 1146 2015 callidiores
1194 1949 1455 2012 efficere
1501 1955 1673 2012 artes
1722 1950 1803 2013 ad
1849 1947 2149 2012 studium
2199 1950 2610 2028 propositum
2656 1950 3091 2028 pertinentes,
3142 1972 3311 2028 quae

768 2079 922 2120 cum
968 2055 1192 2119 indole
1238 2056 1720 2119 statisticorum
1766 2061 2172 2133 congruunt,
2220 2053 2604 2130 ostendisse,
2653 2077 2854 2134 quam
2903 2055 3075 2118 utile
3119 2063 3309 2131 esset,

767 2164 1029 2243 copiam
1064 2161 1436 2226 incolarum
1479 2162 1550 2224 in
1594 2160 1984 2241 regionibus
2031 2160 2453 2224 naturalibus
2499 2160 2840 2240 indagare.
2889 2161 3087 2225 Hanc
3130 2162 3308 2224 viam

767 2275 1200 2333 tentaverunt
1227 2266 1537 2331 nonnulli
1571 2291 1584 2343 ;
1620 2267 1934 2331 methodo
1964 2272 2188 2330 autem
2220 2289 2371 2330 vere
2405 2267 2850 2347 geographica
2883 2269 2985 2332 usi
3022 2272 3198 2342 sunt,
3231 2272 3311 2330 ut

766 2380 883 2456 qui
922 2377 1367 2457 geographiae
1410 2376 1806 2455 praesertim
1848 2373 2212 2439 studerent.
2261 2373 2456 2436 Nihil
2502 2375 2681 2436 enim
2727 2372 2996 2452 longius
3040 2373 3226 2435 abest
3271 2394 3310 2434 a

766 2481 1078 2546 methodo
1128 2483 1400 2562 propria
1454 2482 1841 2556 statisticae,
1898 2503 2102 2559 quam
2151 2503 2256 2543 ars
2309 2501 2443 2558 qua
2494 2485 2823 2541 conantur
2875 2485 3030 2541 ante
3084 2479 3310 2541 omnia

765 2587 1218 2652 demonstrare
1249 2587 1618 2651 incolarum
1651 2585 2040 2666 partitionis
2074 2607 2322 2651 causas.

852 2694 1275 2773 Principium
1303 2699 1403 2756 est
1434 2693 1714 2773 hujusce
1749 2693 1933 2768 artis»,
1969 2698 2064 2767 ut,
2102 2690 2464 2769 provinciis
2499 2690 2773 2754 omnino
2806 2689 3078 2764 relictis,
3117 2712 3308 2752 areae

766 2806 1136 2876 sumantur,
1172 2821 1455 2879 quarum
1494 2799 1658 2861 fines
1697 2805 1941 2861 natura
1980 2797 2123 2875 ipsa
2161 2796 2564 2859 constitutae
2607 2797 2764 2870 sint,
2808 2795 3063 2858 scilic-et
3105 2795 3308 2858 variis

766 2906 891 2976 soli
919 2905 1419 2982 altitudinibus,
1453 2904 1559 2968 vel
1594 2910 1855 2968 crustae
1890 2909 2131 2966 natura
2165 2902 2347 2966 dicta
2383 2928 2410 2962 α
2462 2901 2804 2981 geologica
2850 2929 2897 2969 ι.
2937 2903 3021 2965 In
3057 2901 3308 2965 talibus

765 3014 936 3075 areis
961 3013 1151 3091 copia
1174 3011 1548 3074 incolarum
1573 3016 1979 3089 computata,
2004 3009 2139 3079 hoc}
2157 3007 2434 3087 quidem
2456 3009 2876 3088 consequeris
2902 3017 2978 3073 ut
3002 3006 3309 3072 ostendas

765 3118 1094 3198 quomodo
1128 3117 1518 3182 distributio
1557 3116 2020 3180 multitudinis
2062 3114 2349 3194 pendeat
2391 3140 2472 3178 ex
2513 3115 2992 3194 phaenomenis
3033 3122 3308 3178 natura-

766 3224 963 3299 libus,
990 3224 1233 3303 quibus
1260 3246 1416 3285 usus
1442 3223 1529 3285 sis
1555 3221 1939 3285 delineandi
1967 3244 2167 3284 causa
2192 3220 2607 3299 supradictos
2631 3221 2972 3284 terminos,
3002 3220 3182 3283 Talis
3210 3227 3310 3282 est

765 3330 1150 3394 altitudinis
1189 3330 1382 3406 ratic,
1425 3331 1494 3391 in
1536 3328 1782 3392 tabulis
1823 3328 2022 3391 dictis
2066 3353 2091 3387 α
2130 3326 2640 3405 hypsometricis
2676 3354 2704 3387 n
2744 3333 2860 3389 aut
2901 3326 3023 3389 soli
3065 3332 3310 3389 natura

762 3439 835 3502 in
861 3436 1110 3500 tabulis
1134 3435 1331 3499 dictis
1358 3460 1385 3494 α
1425 3433 1806 3514 geologicis.
1849 3461 1878 3495 n
1909 3433 2009 3496 Ea
2037 3439 2194 3497 sunt
2225 3434 2397 3496 bona
2427 3432 2588 3494 artis
2619 3433 2994 3511 propositae
3027 3456 3040 3509 ;
3075 3455 3306 3495 verum

763 3543 874 3605 hie
911 3565 1171 3622 quoque
1204 3543 1386 3621 jacet
1419 3541 1686 3617 vitium,
1722 3541 2031 3619 protinus
2065 3537 2456 3602 notandum.

850 3648 1056 3713 Nullo
1085 3649 1267 3711 enim
1294 3647 1908 3726 phaenomenorum
1940 3645 2157 3708 varias
2192 3667 2420 3707 causas
2456 3643 2958 3708 distribuendae
2995 3644 3306 3708 multitu-

765 3751 943 3814 dinis
982 3753 1258 3816 omnino
1294 3752 1628 3831 explicare
1667 3752 1913 3831 possis3
1955 3772 2168 3829 neque
2209 3750 2574 3813 verisimile
2616 3756 2733 3825 est,
2776 3750 3027 3814 incolas
3065 3772 3201 3813 uno
3240 3755 3309 3812 et

764 3857 993 3920 eodeni
1034 3858 1227 3921 modo
1264 3880 1380 3936 per
1421 3862 1632 3920 totam
1671 3878 1894 3919 aream
1936 3855 2333 3934 glomeratos
2376 3878 2534 3932 esse,
2579 3857 2635 3917 si
2677 3878 2824 3919 eam
2864 3855 3307 3919 delineaveris

765 3962 848 4025 ad
907 3961 1425 4026 demonstranda
1483 3962 1942 4041 phaenomena
2005 3961 2207 4024 unius
2268 3961 2529 4039 generis
2588 3968 2665 4025 ut
2724 3960 3139 4037 altitudines,
3198 3961 3309 4023 vel

764 4068 1179 4147 geologicam
1206 4073 1465 4131 crustae
1497 4072 1828 4143 naturam,
1864 4067 1969 4130 vel
2003 4066 2322 4130 imbrium
2355 4068 2631 4146 copiam.
2669 4067 3068 4131 Videbimus
3103 4066 3303 4141 infra,

764 4174 1259 4237 incommodum
1293 4172 1463 4237 illud
1502 4196 1699 4236 curae
1735 4174 1942 4237 fuisse
1983 4174 2435 4252 seript01·ibUS‚
2478 4175 2595 4253 qui
2633 4172 3005 4237 incolarum
3044 4172 3304 4252 copiam

766 4280 835 4343 in
865 4280 1036 4342 areis
1065 4286 1309 4342 natura
1339 4278 1735 4342 delimitatis
1773 4284 2347 4357 computaverunt.

848 4386 1092 4449 Variae
1122 4386 1304 4448 enim
1332 4391 1506 4448 artes
1543 4384 1856 4448 inventae
1892 4391 2070 4461 sunt,
2108 4407 2392 4464 quarum
2429 4384 2870 4463 perscrutatio
2905 4384 3307 4449 nonnullam

762 4496 956 4554 affert
984 4490 1376 4555 utilitatem.
1412 4490 1472 4553 U
1481 4491 1778 4554 tentibus
1815 4497 2044 4555 autem
2080 4512 2158 4554 ea
2193 4490 2508 4555 methodo
2545 4489 2790 4554 accidit
2828 4489 3188 4566 interdum,
3224 4497 3305 4553 ut

762 4602 1157 4677 cogerentur
1190 4618 1381 4659 suam
1415 4596 1809 4661 methodum·
1846 4598 2140 4675 rejicere.
2185 4596 2383 4659 Unde
2424 4594 2865 4672 concluditur,
2909 4595 3303 4676 confugien-

761 4704 923 4767 dum
959 4726 1099 4766 esse
1135 4703 1217 4766 ad
1254 4703 1647 4768 methodum
1687 4726 1727 4766 a
1766 4704 1958 4769 nobis
2000 4702 2429 4783 propositam,
2475 4699 2938 4765 multitudinis
2984 4702 3303 4766 distribu-

762 4810 1016 4875 tionem
1044 4811 1116 4874 in
1144 4809 1530 4888 regionibus
1564 4809 1990 4874 naturalibus
2025 4807 2478 4888 computandi.
