3720 5875
1526 569 1875 635 „nv-

434 730 712 811 Semper
747 731 927 795 enim
964 731 1254 796 occurrit
1288 733 1582 796 tentanti
1614 730 1883 796 tabulas
1918 731 2174 811 majore
2209 728 2481 795 modulo
2517 729 2850 795 instruere
2885 726 2973 795 ad

432 836 735 901 studium
762 837 1178 918 propositum
1206 838 1639 917 pertinentes.

519 943 774 1006 Earum
825 949 1053 1007 autem
1097 944 1487 1008 tabularum
1537 942 1616 1008 de
1666 944 1911 1023 quibus
1961 966 2143 1008 nunc
2192 943 2536 1023 loquimur
2583 942 2969 1008 auctoribus

431 1050 614 1114 subit
655 1050 858 1114 etiam
900 1050 1200 1129 quaestio
1240 1048 1323 1114 de
1358 1048 1659 1114 urbibus.
1703 1049 2028 1115 Omnium
2070 1072 2396 1115 consensu
2436 1071 2668 1115 earum
2706 1049 2968 1114 incolae

426 1177 567 1220 non
600 1157 1054 1237 praetermissi
1086 1162 1262 1221 sunt.
1297 1155 1624 1235 Uhligius
1656 1162 2116 1237 repraesentat
2145 1156 2346 1222 urbes
2376 1156 2670 1235 orbibus,
2705 1157 2826 1222 alii
2860 1177 2970 1221 eas

430 1261 776 1326 delineant
805 1261 1171 1326 secundum
1198 1262 1451 1326 formas
1479 1285 1645 1345 quas
1674 1284 1910 1327 revera
1934 1269 2283 1342 usurpant.

517 1367 914 1432 Ambrosius
977 1369 1121 1448 ipse
1182 1391 1258 1433 eo
1320 1391 1456 1433 non
1519 1374 1894 1445 contentus,
1957 1370 2215 1433 viculos
2280 1375 2470 1435 notat
2533 1369 2969 1449 singulasque

430 1473 678 1539 domos.
727 1473 1178 1547 Quamobrem
1223 1475 1369 1555 ejus
1413 1473 1650 1539 tabula
1693 1475 1786 1540 eis
1829 1475 2084 1539 tabulis
2128 1477 2346 1555 magis
2392 1475 2635 1540 similis
2677 1475 2968 1553 videtur,

429 1603 596 1661 quas
635 1582 707 1645 in
745 1580 1043 1661 capitulo
1082 1581 1186 1645 IV
1223 1581 1915 1647 commemorabimus.

517 1688 767 1750 Omnia
790 1687 910 1751 illa
935 1688 1310 1752 recentiora
1332 1689 1729 1764 tentamina,
1757 1688 2066 1768 quamvis
2091 1689 2450 1769 praecipue
2479 1689 2699 1767 utilia,
2726 1711 2968 1768 parum

427 1792 623 1865 ‚nobis
669 1793 890 1857 valere
936 1792 1256 1857 videntur
1301 1793 1387 1857 ad
1430 1793 1884 1859 renovandam
1933 1795 2425 1872 auctoritatem,
2476 1818 2679 1875 quam
2729 1795 2971 1859 habuit

427 1898 773 1979 prioribus„
798 1899 1235 1980 temporibUS,
1270 1923 1376 1965 ars
1411 1899 1957 1965 distributionem
1993 1901 2457 1966 multitudinis
2495 1903 2567 1966 in
2601 1901 2968 1981 provinciis

427 2005 947 2070 demonstrandi.
982 2006 1254 2069 Etenim
1281 2046 1371 2054 —-
1400 2009 1455 2070 si
1487 2006 1757 2086 quidem
1790 2007 2205 2086 colligendae
2239 2009 2856 2087 argumentationes
2884 2047 2971 2056 —

428 2113 590 2176 licet
634 2111 998 2192 provinciis
1043 2134 1245 2192 quam
1292 2114 1594 2177 minimis
1640 2115 1874 2191 utaris,
1920 2136 2145 2176 aream
2191 2120 2420 2177 tamen
2467 2137 2551 2179 ex
2595 2121 2791 2194 pacto
2838 2115 2965 2179 cir-

428 2218 908 2298 cumscriptam
948 2218 1078 2282 tibi
1121 2220 1486 2299 sumpsisti.
1532 2220 1643 2283 Sic
1686 2221 1942 2299 cogeris
2006 2218 2304 2283 dividere
2371 2242 2518 2283 eam
2586 2221 2656 2283 in
2719 2221 2965 2299 parteis,

428 2325 763 2403 silvasque
834 2347 1180 2404 segregare
1248 2366 1333 2372 ——
1401 2333 1762 2390 occurrunt
1827 2332 2053 2388 autem
2125 2324 2546 2389 incommoda
2614 2349 2783 2404 quae
2852 2327 2971 2388 vix

427 2431 807 2511 superanda
845 2433 1038 2496 sunt!
1079 2472 1169 2480 ——
1204 2434 1332 2508 vel,
1373 2436 1563 2512 quasi
1606 2433 1984 2496 confitearis
2024 2455 2302 2512 pravam
2343 2455 2482 2496 esse
2522 2439 2735 2495 artem
2777 2431 2966 2496 adhi-

424 2536 660 2616 bitam,
698 2538 836 2601 alia
868 2545 1008 2603 arte
1045 2540 1250 2603 simul
1282 2541 1513 2616 uteriS,
1552 2541 1725 2602 sicut
1760 2539 2174 2602 Ambrosius,

599 2793 628 2871 ἓ
661 2792 721 2855 2.
757 2827 827 2837 -
876 2791 917 2855 I
922 2792 1267 2857 molarum
1305 2797 1493 2874 copia
1528 2799 1606 2859 in
1637 2800 1809 2862 areis
1845 2792 2281 2888 ycomctrz'cis
2309 2821 2754 2889 computatur.

515 2999 702 3062 Artis
749 3022 791 3063 a
832 2999 1025 3063 nobis
1071 3007 1269 3064 antea
1335 3003 1652 3081 probatae
1723 3006 2147 3074 incommoda
2210 3012 2479 3093 jamdiu
2546 3024 2966 3095 agnoverunt

367 3099 370 3101 Α
426 3104 815 3184 geographi.
847 3104 1083 3185 Aliqui
1112 3108 1338 3184 etiam,
1369 3110 1498 3172 rati
1526 3132 1790 3175 necesse
1820 3135 1979 3191 esso,
2007 3122 2083 3179 ut
2110 3119 2610 3197 provinciarum
2640 3146 2832 3188 areae
2863 3127 2964 3189 in-

422 3216 530 3273 ter
559 3234 626 3276 se
657 3211 937 3275 minime
968 3212 1262 3292 dispares
1295 3222 1533 3295 essent,
1566 3216 2005 3284 decreverunt
2036 3222 2272 3301 figuris
2305 3229 2726 3304 geometricis
2760 3232 2833 3294 in
2862 3238 2960 3294 ta-

426 3316 590 3379 bula
619 3315 967 3397 descriptis
995 3320 1119 3395 uti,
1149 3342 1435 3398 qua-rum
1466 3344 1622 3386 area
1648 3345 1782 3387 una
1813 3332 1880 3389 et
1908 3308 2137 3390 eadem
2168 3352 2429 3410 semper
2457 3340 2643 3397 esset.
2679 3334 2966 3415 Sperant

421 3422 565 3485 fore
593 3431 667 3487 ut
692 3446 1007 3486 zonarum
1038 3448 1119 3487 ex
1146 3433 1339 3504 pacto
1369 3428 2028 3507 circumscriptarum
2058 3436 2334 3500 tormini
2362 3438 2787 3517 frangantur.

516 3526 792 3593 Constat
822 3551 967 3593 eam
998 3536 1209 3595 artem
1240 3530 1543 3597 adhiberi
1573 3557 1760 3613 posse
1792 3543 2059 3601 tantum
2089 3540 2340 3606 tabulis
2371 3544 2443 3606 in
2474 3545 2718 3622 quibus
2749 3548 2965 3626 major

428 3635 518 3698 sit
560 3633 927 3700 stadiorum
973 3660 1307 3714 mensura,
1353 3646 1418 3703 et
1464 3663 1540 3703 ea
1587 3641 1969 3707 conditione
2014 3651 2092 3707 ut
2135 3645 2392 3724 figurae
2435 3650 2761 3715 minimae
2806 3655 2960 3719 sint.

425 3739 644 3813 Quam
687 3740 887 3806 rudes
930 3750 1159 3808 autem
1202 3751 1269 3809 et
1311 3768 1550 3825 parum
1598 3747 2058 3827 significantes
2101 3752 2373 3817 tabulae
2419 3755 2575 3833 sint,
2622 3758 2680 3820 si
2723 3757 2960 3836 figuris

422 3848 793 3928 majoribus
831 3872 1035 3929 quam
1073 3849 1302 3915 deceat
1338 3855 1570 3931 utariS,
1609 3861 1954 3934 praestans
1993 3859 2379 3937 exemplum
2418 3862 2733 3940 praebuit
2770 3863 2959 3929 Frie-

423 3951 746 4033 drichius‚
785 3956 923 4034 qui,
962 3956 1034 4019 in
1070 3957 1496 4022 instituendas·
1525 3958 1764 4024 tabula
1799 3961 2204 4029 mediocrem
2240 3965 2553 4032 adhibuit
2593 3970 2960 4036 stadiorum

422 4080 828 4137 mensuram,
918 4060 1031 4127 sed
1118 4084 1265 4127 eam
1353 4063 1584 4129 divisit
1668 4068 1741 4131 in
1830 4068 2158 4148 quadra-ta
2245 4075 2582 4154 majorum
2671 4077 2960 4144 laterum

428 4168 732 4245 (centim.
771 4170 810 4231 2
839 4168 908 4247 1).

510 4270 865 4335 Praeterea
904 4274 1161 4351 figurae
1199 4279 1642 4354 geometricae
1680 4280 1825 4359 ipsa
1863 4282 2081 4347 forma
2121 4306 2255 4349 non
2294 4286 2379 4350 ad
2418 4288 2614 4353 libita
2655 4291 2967 4370 eligenda

421 4384 539 4442 est.
580 4378 723 4441 Alii
760 4376 1104 4458 quadratis
1142 4387 1219 4444 ut
1256 4381 1737 4463 Friedrichiu8‚
1777 4387 1898 4451 alii
1933 4392 2220 4469 trapezis
2258 4394 2304 4469 ²,
2345 4394 2464 4458 alii
2504 4394 2872 4476 hexagonis
2911 4401 2958 4475 ³,

482 4552 526 4599 1.
568 4552 629 4602 H.
666 4553 983 4604 Farnnmcn.
1020 4555 1129 4605 Das
1164 4556 1608 4619 waldcnburgcr
1641 4559 1934 4621 Bcrgland.
1974 4564 2110 4616 Diss.
2151 4567 2396 4627 Brcslau,
2435 4571 2568 4620 1894.

482 4640 527 4689 2.
563 4641 679 4691 ,1οη.
708 4642 994 4693 Milan-raa.
1028 4644 1121 4695 Dic
1148 4645 1742 4708 Bcvollwrungsdiente
1767 4650 1945 4699 'siz-uls
1971 4653 2064 4701 ΧΥ
2092 4654 2210 4705 Ber.
2240 4657 2291 4706 d.
2323 4658 2442 4708 Ver.
2472 4660 2523 4708 d.
2554 4662 2746 4720 Gcogtn
2777 4662 2956 4723 wion,

418 4728 556 4787 1889,
585 4743 674 4792 pp.
702 4732 861 4781 40-47.

481 4803 526 4853 3.
564 4802 801 4857 G'ELBKE.
832 4806 1182 4859 volksdichtc
1220 4809 1317 4860 dos
1353 4809 1691 4862 Mansselder
1727 4814 1852 4865 Sec·
1887 4817 1996 4865 und
2037 4818 2379 4871 Saallu‘eises
2419 4821 2559 4873 DiSS.
2603 4823 2778 4886 Hane,
2819 4826 2957 4877 1887.

2641 4913 2670 4947 ἢ

2642 4952 2670 4968 N
