3720 5875
1857 670 2201 733 &24—

761 851 914 892 eum
950 851 1104 891 vera
1141 851 1365 891 rerum
1401 835 1647 893 natura.
1680 853 1919 909 parum
1957 836 2436 909 congruentem
2477 830 2842 907 imaginem
2882 827 3204 904 ostendes,
3246 826 3305 892 si

757 935 1024 999 tabulas
1056 960 1129 1000 eo
1162 934 1356 1000 modo
1389 936 1716 1000 instruere
1749 937 2059 1012 volueris,
2094 935 2313 1000 medio
2347 935 2616 1000 modulo
2650 943 3009 1015 assumpte.

847 1056 1027 1118 Nam
1064 1055 1360 1135 primum
1399 1056 1579 1120 idem
1620 1079 1900 1135 arguere
1940 1057 2168 1136 possiS,
2214 1056 2387 1136 quod
2431 1078 2632 1135 supra
2672 1055 2752 1119 de
2793 1061 2936 1118 arte
2979 1055 3306 1119 flexuosas

760 1162 972 1225 lineas
1018 1164 1420 1241 geometrico
1466 1163 1661 1227 modo
1707 1162 2125 1227 describendi
2171 1162 2487 1227 diximus,
2538 1162 3071 1226 Demonstrando
3119 1162 3302 1226 inco-

761 1267 980 1333 larum
1011 1269 1271 1348 copiam
1304 1271 1375 1332 in
1408 1272 1587 1333 zonis
1620 1293 1788 1350 quae
1823 1270 2161 1335 continuis
2193 1268 2392 1332 lineis
2426 1269 3068 1333 circumscribuntur
3101 1269 3304 1344 (sicut

759 1375 834 1438 in
869 1374 1118 1440 tabulis
1155 1376 1398 1455 quibus
1430 1377 1658 1440 variae
1695 1377 1817 1440 soli
1854 1375 2252 1440 altitudines
2289 1376 2793 1454 significantur)
2834 1373 3300 1438 multitudinis

760 1480 1152 1546 distributio
1210 1481 1385 1545 falso
1444 1488 2005 1561 repraesentatur.
2073 1484 2249 1546 Nam
2312 1482 2617 1561 regiones
2679 1481 3166 1560 frequentiores
3233 1487 3302 1544 et

759 1587 993 1667 plagas
1022 1610 1224 1667 prope
1254 1588 1565 1664 desertaS,
1596 1612 1765 1668 quae
1795 1590 2057 1668 saepius
2088 1587 2398 1669 adjacent
2428 1587 2616 1652 nullo
2649 1586 3023 1664 intervallo3
3057 1587 3303 1651 deseri-

759 1694 915 1757 bere
954 1716 1087 1758 non
1124 1696 1353 1774 possiS,
1392 1718 1627 1759 verum
1661 1696 1881 1759 lineae
1919 1696 2045 1759 tibi
2084 1693 2424 1759 ducendae
2463 1695 2705 1773 quibus
2744 1693 3053 1758 transitio
3092 1694 3303 1774 signi-

757 1801 1012 1864 ficetur.

848 1920 1047 1982 Erras
1111 1920 1273 1984 dum
1331 1920 1593 1985 tabulas
1658 1922 2138 2001 geographicas
2202 1921 2283 1984 ad
2345 1919 2931 1985 demonstrandam
2992 1919 3303 1983 multitu·

760 2025 938 2090 dinis
983 2025 1527 2092 distributionem
1573 2026 1803 2090 eadem
1848 2034 1989 2090 arte
2037 2029 2364 2090 instruere
2409 2028 2509 2091 vis
2555 2050 2681 2106 qua
2729 2027 3000 2090 tabulae
3046 2025 3130 2089 ad
3176 2026 3301 2089 soli

759 2132 1155 2196 altitudines
1193 2132 1759 2197 demonstrandas,
1801 2134 1993 2197 Licet
2030 2135 2204 2196 enim
2249 2141 2324 2197 ut
2362 2133 2440 2197 de
2482 2161 2508 2194 u
2558 2134 2820 2196 surfaee
2858 2132 3220 2213 populeuse
3265 2159 3295 2193 n

767 2241 940 2304 sicut
970 2241 1066 2303 ait
1097 2241 1499 2319 Turquanus
1532 2242 1825 2320 loquaris
1857 2247 1921 2303 et
1956 2242 2326 2303 incolarum
2364 2242 2622 2318 copiam
2657 2239 2739 2303 ad
2776 2241 3138 2318 imaginem
3177 2239 3300 2302 soli

758 2345 889 2409 tibi
925 2346 1235 2424 effingas3
1272 2369 1505 2410 verum
1542 2347 1925 2425 excogitare
1961 2345 2157 2409 debes
2191 2353 2424 2422 terraS,
2463 2369 2749 2425 quarum
2787 2369 2986 2425 supra
3024 2344 3301 2408 modum

759 2452 1023 2515 varient
1075 2451 1493 2524 altitudineS,
1552 2454 1648 2515 ita
1704 2458 1780 2516 ut
1837 2475 2136 2515 connexa
2206 2453 2695 2532 conjunctaque
2754 2457 3120 2532 appareant
3172 2458 3304 2514 ter·

761 2580 989 2621 rarum
1049 2557 1297 2633 hiatus,
1360 2580 1660 2622 summae
1722 2559 2042 2638 planities
2103 2565 2172 2622 et
2230 2558 2564 2622 montium
2623 2558 2794 2639 juga
2855 2559 2927 2621 in
2990 2557 3301 2621 omnibus

758 2663 1063 2743 partibus
1098 2664 1513 2743 praecipitia.

849 2783 958 2845 Ex
987 2783 1224 2847 tabula
1253 2806 1456 2862 quam
1488 2783 1842 2863 descripsit
1873 2784 2199 2848 Belimius
2231 2784 2313 2848 ad
2347 2783 2891 2848 distributionem
2926 2783 3300 2848 incolarum

765 2890 837 2953 in
870 2889 1240 2955 Germania
1269 2888 1877 2968 demonstrandam,
1912 2891 2155 2955 vitium
2192 2889 2384 2967 illud,
2419 2890 2594 2970 quod
2628 2889 2940 2955 methodo
2975 2890 3301 2966 inhaeret,

764 2994 967 3059 facile
1023 2995 1397 3075 perspicere
1452 2998 1680 3076 possis.
1744 2998 1829 3061 In
1890 2997 2324 3076 regionibuss
2357 3021 2527 3077 quae
2588 2997 2904 3078 adjacent
2959 2996 3303 3062 montibus

762 3101 1125 3182 praecipue
1182 3101 1473 3166 mendax
1533 3102 1820 3179 videtur,
1885 3126 2038 3167 cum
2099 3127 2232 3168 non
2295 3103 2600 3168 ostendat
2657 3104 2868 3167 valles
2930 3102 3302 3167 redundare

765 3207 1023 3284 ineoliS‚
1067 3210 1243 3289 quod
1287 3215 1531 3286 tamen,
1575 3217 1653 3273 ut
1695 3210 2080 3289 exemplum
2121 3210 2559 3288 proferamus,
2606 3211 2676 3272 in
2721 3209 3001 3288 Vogesis
3045 3209 3305 3287 conspi-

767 3336 969 3377 cuum
1007 3320 1123 3378 est.
1165 3315 1537 3379 Flexuosae
1576 3316 1812 3390 lineae,
1853 3337 2043 3394 quae,
2085 3315 2458 3379 incolarum
2500 3316 2760 3394 copiam
2800 3313 3304 3378 demonstrandi

767 3443 988 3497 eausa,
1036 3422 1203 3501 juga
1255 3422 1588 3486 montium
1643 3427 1984 3501 superant,
2037 3428 2117 3485 ut
2167 3420 2457 3485 ostendit
2508 3421 2743 3485 tabula
2793 3420 3178 3501 supradicta
3231 3422 3303 3485 in

765 3526 1077 3608 Alpibus,
1108 3526 1290 3592 haud
1322 3529 1548 3592 minus
1578 3526 1931 3592 mendaces
1964 3534 2141 3602 sunt,
2175 3550 2377 3606 quam
2413 3531 2467 3593 si
2501 3528 2650 3607 quis
2681 3550 2842 3591 usus
2875 3528 2965 3592 sit
2992 3528 3304 3591 terminis

763 3634 1259 3713 provinciarum
1306 3633 1387 3697 ad
1435 3632 2072 3698 circumscribendae
2119 3656 2315 3696 zonas
2364 3634 2429 3696 in
2481 3633 2723 3712 quibus
2770 3633 3000 3696 eade-m
3048 3633 3309 3695 ratione

766 3738 1129 3803 distributa
1155 3740 1245 3804 sit
1270 3738 1656 3803 multitude.

853 3858 1040 3932 Quae
1075 3858 1346 3922 crimini
1380 3857 1615 3922 damus
1651 3858 1942 3921 Behmio
1973 3858 2198 3921 minus
2232 3859 2573 3938 pertinent
2610 3857 2694 3922 ad
2729 3858 2894 3923 alios
2929 3858 3305 3938 scriptores,

765 3967 884 4045 qui
917 3964 1147 4027 eadem
1179 3970 1321 4027 arte
1351 3967 1455 4029 usi
1486 3970 1660 4028 sunt.
1698 3965 2058 4028 Rationem
2092 3964 2272 4027 enim
2306 3962 2807 4028 distribuendae
2840 3963 3306 4028 multitudinis

767 4073 841 4135 in
872 4070 1260 4150 regionibus
1293 4071 1630 4134 montanis
1665 4070 1909 4134 melius
1944 4069 2235 4134 ostendit
2271 4070 2642 4134 Kettlerius
2677 4077 2755 4134 ut
2784 4071 2968 4150 juste
3000 4068 3305 4134 animad-

764 4178 969 4240 vertit
1003 4176 1437 4255 Sprecherius
1475 4177 1566 4255 (p.
1600 4177 1698 4255 4).

855 4400 881 4433 a
931 4372 1278 4437 Wahrend
1313 4374 1670 4436 Haneman
1706 4374 1977 4451 (Behm)
2009 4375 2133 4438 wol
2169 4398 2252 4438 an
2288 4375 2416 4438 den
2453 4375 2830 4452 Abhangen
2866 4374 2985 4438 der
3018 4373 3310 4451 Gebirge

767 4479 1000 4543 stehen
1031 4478 1245 4542 bleibt
1275 4477 1416 4542 und
1447 4479 1628 4543 seine
1660 4480 1892 4544 Kurve
1926 4480 2254 4559 geraidlini
2265 4504 2308 4559 g
2339 4479 2490 4544 dem
2525 4479 2761 4544 Raude
2795 4480 3074 4557 entlang
3105 4479 3304 4556 zieht,

765 4587 889 4649 wie
940 4608 991 4648 z.
1046 4584 1123 4648 B.
1180 4586 1270 4647 im
1322 4583 1545 4647 Elsa-ss
1596 4610 1696 4647 wo
1746 4610 1817 4649 er
1869 4586 1975 4649 die
2026 4587 2507 4663 Vogesentiiler
2560 4587 2685 4649 mit
2739 4584 2862 4649 den
2919 4584 3304 4648 einsehlies-

766 4690 1013 4756 senden
1047 4690 1293 4754 Hohen
1326 4698 1524 4754 unter
1558 4693 1777 4755 einem
1815 4692 2299 4755 einheitlichen
2339 4692 2723 4755 Fal-benten
2761 4691 3306 4766 zusammenfast,

768 4795 999 4876 dringt
1059 4795 1328 4860 Kettler
1387 4803 1692 4876 strenger
1752 4796 2060 4862 sichtend
2102 4800 2173 4860 in
2214 4796 2321 4860 die
2363 4796 2978 4861 dichtbevolkerten
3020 4802 3307 4861 unteren

766 4903 963 4967 Taler
1000 4904 1109 4966 ein
1145 4902 1285 4967 und
1321 4905 1505 4967 weist
1544 4902 1671 4967 den
1710 4902 2042 4982 waldigen
2082 4904 2327 4966 Hohen
2367 4902 2495 4967 den
2534 4902 2740 4966 ihnen
2778 4900 3309 4967 zukommenden
