3720 5875
1245 1148 1606 1233 CAPUT
1719 1148 2161 1233 PRIMUM

758 1353 848 1414 De
890 1350 1248 1432 principiis
1290 1357 1360 1415 et
1403 1350 1796 1415 notionibus
1841 1350 1925 1413 ad
1969 1367 2110 1413 rem
2154 1350 2661 1431 pertinentibus

532 1862 1097 1926 Distributionem
1142 1861 1516 1925 incolarum
1561 1860 1883 1940 indagare
1926 1868 2187 1942 partem
2232 1861 2413 1926 haud
2455 1863 2811 1926 minimam
2855 1861 2986 1926 dis-

447 1970 739 2050 ciplinae
791 1966 1278 2049 geographicae
1331 1991 1468 2031 esse
1521 1973 1797 2032 constat.
1854 1967 2120 2048 Quippe
2171 1966 2334 2033 adeo
2386 1969 2610 2045 multi,
2662 1970 2987 2033 recentio-

450 2076 637 2139 ribus
673 2075 891 2151 anniS,
926 2075 1107 2138 viam
1144 2074 1450 2137 invenire
1485 2079 1920 2136 tentaverunt
1956 2096 2089 2152 qua
2125 2096 2267 2137 rem
2303 2074 2555 2138 tabulis
2593 2074 2989 2155 geographi-

454 2183 549 2246 cis
612 2181 1147 2245 demonstrarent
1210 2187 1287 2243 ut
1350 2179 1699 2259 aliquanto
1761 2179 2195 2259 jactantiores
2263 2179 2634 2244 *videamur
2717 2180 2992 2245 modum
3079 2188 3082 2191 ’

451 2310 704 2353 novum
750 2308 1118 2369 proponere
1166 2284 1507 2350 audentes.
1558 2285 1778 2359 Quare
1825 2308 1961 2350 non
2010 2308 2579 2366 supervacaneum
2625 2289 2847 2352 visum
2895 2294 2995 2351 est

456 2394 723 2474 objectat
753 2392 1132 2469 dissolvere,
1192 2392 1493 2473 priorum
1555 2392 1959 2472 scriptorum
2015 2393 2289 2472 incepta
2342 2392 2721 2473 scrutando,
2762 2395 2861 2458 ita
2917 2400 2995 2458 ut

456 2498 952 2566 ostenderemus
982 2499 1417 2580 quamobrem
1446 2520 1582 2563 non
1609 2499 1886 2577 omnino
1912 2499 2335 2577 promissum,
2366 2522 2515 2564 mea
2543 2498 2817 2580 quidem
2849 2522 2992 2564 sen-

452 2608 689 2683 tentia,
717 2606 1169 2687 impleverint.

541 2713 790 2777 Omnia
831 2711 915 2776 ad
957 2733 1098 2775 rem
1140 2711 1557 2791 pertinentia
1598 2708 1819 2774 studia
1864 2711 2271 2791 perlustrare
2314 2734 2438 2776 nec
2479 2732 2831 2792 possumus
2874 2735 2997 2777 nec

456 2821 788 2896 volumus,
818 2859 906 2866 —
935 2820 1048 2881 vix
1083 2820 1263 2881 enim
1298 2819 1559 2897 integer
1591 2804 1764 2881 liber
1795 2818 2125 2881 sufficeret
2155 2858 2243 2866 -—
2274 2818 2387 2882 sed
2416 2826 2686 2883 tantum
2720 2820 2899 2883 inter
2932 2842 2999 2883 se

460 2926 898 3005 congruentia
925 2924 1033 2988 vel
1059 2924 1391 3001 methodo,
1419 2924 1528 2988 vel
1556 2924 1944 2988 notionibus
1972 2923 2315 3000 adhibitis,
2344 2925 2452 2989 vel
2481 2925 2864 3003 commodis,
2892 2927 3000 2991 vel

464 3033 835 3096 defectibus
878 3030 1313 3111 distinguere.
1362 3031 1622 3104 Quibus
1665 3032 2050 3112 perspectiS,
2095 3032 2509 3112 collatisque,
2554 3034 2892 3114 principia
2935 3041 3002 3098 et

459 3137 833 3203 desiderata
868 3138 1101 3218 aliqua
1133 3135 1517 3217 prodibunt.

460 3444 489 3522 ξ
521 3443 581 3507 I.
612 3481 700 3491 -—-
734 3440 1075 3520 Quomodo
1108 3440 1654 3504 distributionem
1689 3438 2066 3503 incolarum
2099 3438 2545 3519 ycoyraph‘iae
2584 3449 2648 3501 et
2684 3440 3000 3503 scientiae

555 3571 720 3628 quae
762 3547 966 3627 vulgo
1010 3572 1038 3607 α
1090 3547 1470 3626 statistique
1515 3571 1543 3606 n
1594 3546 1843 3610 dicitur
1886 3546 2240 3624 scriptores
2280 3544 2603 3625 indayare
2650 3567 3003 3608 consueve-

549 3653 709 3717 rint.

551 3858 1121 3923 Distributionem
1183 3858 1558 3923 incolarum
1622 3857 2043 3938 geographus
2104 3855 2378 3937 quidem
2437 3858 2821 3937 investigat,
2884 3879 3007 3921 nu-

471 3989 688 4030 meros
732 3972 981 4041 autem,
1030 3965 1273 4045 quibus
1318 3965 1557 4042 utitur,
1607 3986 1690 4027 ex
1736 3963 2097 4043 disciplina
2140 3964 2433 4028 finitima
2479 3965 2788 4045 sumpsit,
2836 3987 3009 4044 quae

466 4073 671 4152 vulgo
706 4071 958 4136 dicitur
994 4097 1024 4133 «ι
1068 4070 1451 4150 statistique
1491 4096 1547 4134 n.
1588 4069 1721 4142 Qui
1758 4093 1825 4134 se
1862 4069 2021 4133 huic
2059 4071 2375 4134 scientiae
2413 4069 2833 4148 dediderunt,
2873 4072 3011 4134 sive

476 4179 816 4254 stat‘e'stici,
867 4177 1365 4241 mathematicis
1418 4175 1794 4240 rationibus
1848 4183 2182 4241 conantur
2233 4177 2545 4256 effingere
2597 4200 2700 4242 res
2753 4177 3009 4257 praeci-

474 4308 641 4366 puas
680 4283 764 4348 ad
803 4285 1072 4348 civilem
1112 4284 1463 4348 seientiam
1505 4288 1623 4346 aut
1661 4280 1746 4346 ad
1785 4280 2180 4346 divitiarum
2221 4283 2763 4348 distributionem
2804 4285 3011 4363 perti·

469 4397 725 4457 nentes.
761 4390 851 4454 Et
885 4391 969 4456 iis
1003 4413 1139 4455 non
1175 4376 1614 4454 interdictum
1650 4396 1749 4453 est
1782 4389 2143 4468 quominus
2178 4387 2725 4455 distributionem
2760 4390 3012 4457 incola-

471 4521 624 4563 rum
672 4496 1142 4562 describerent.
1193 4497 1454 4561 Revera
1502 4497 1578 4560 in
1622 4495 1748 4560 hoc
1797 4493 2096 4560 studium
2146 4495 2602 4560 incubuerunt
2649 4503 3016 4576 antequam

472 4604 841 4686 geographi
874 4604 1269 4684 inceperint,
1301 4604 1506 4667 etiam
1537 4625 1640 4667 res
1671 4609 2141 4682 expresserunt
2171 4602 2418 4682 aptiuS,
2446 4624 2679 4667 verum
2712 4626 2788 4668 eo
2820 4602 3017 4668 modo

477 4717 940 4776 tractaverunt
978 4716 1054 4773 ut
1094 4708 1447 4775 methodus
1508 4709 1707 4788 longe
1769 4709 2029 4772 abesset
2088 4709 2171 4772 ab
2234 4731 2331 4786 ea,
2373 4732 2505 4789 qua
2568 4711 3018 4790 geographiae

480 4816 833 4897 scriptores
866 4819 970 4882 uti
1006 4817 1240 4895 solent,
1276 4822 1394 4881 aut
1429 4823 1605 4881 certe
1639 4817 1744 4880 uti
1779 4814 2115 4879 deberent.
