3720 5875
1874 478 2220 540 -64-

778 634 969 714 eopia
999 633 1090 697 sit
1116 633 1285 713 39‚8.
1320 633 1692 699 Universae
1722 640 1950 699 autem
1979 633 2444 700 multitudinis
2473 634 2771 700 urbanae
2803 635 3061 700 ratione
3095 636 3322 715 dueta,

778 739 1002 806 media
1034 741 1224 821 copia
1258 763 1568 821 expressa
1600 746 1700 806 est
1734 764 2013 806 numero
2043 743 2146 806 50.

866 846 1169 911 Medium
1206 869 1563 913 numerum
1601 849 1976 913 incolarum
2012 847 2388 913 viculorum
2428 849 2547 928 qui
2587 848 2905 913 dicuntur
2942 874 2975 910 «
3010 851 3243 915 ofitune
3287 877 3318 909 >v

778 954 1314 1035 computavimus
1349 953 1579 1019 eodem
1615 954 1809 1020 modo
1843 977 1920 1020 ao
1955 954 2249 1019 mediam
2283 956 2658 1020 incolarum
2696 957 2955 1037 copiam
2992 957 3066 1021 in
3100 958 3318 1039 regio-

776 1060 978 1125 nibus
1008 1061 1454 1139 naturalibus‚
1488 1060 1557 1125 id
1590 1068 1688 1127 est
1720 1085 2000 1126 numero
2032 1062 2492 1126 habitantium
2525 1064 2598 1127 in
2629 1062 2910 1130 urbibus
2942 1063 3314 1129 emendato,

866 1167 965 1231 De
1015 1168 1263 1232 tabulis
1313 1168 1749 1232 instituendis
1797 1191 2007 1249 pauca
2056 1169 2439 1237 referemus
2492 1169 2841 1249 Principia
2889 1171 3071 1233 enim
3118 1192 3320 1249 supra

777 1275 1133 1338 enuntiata
1173 1276 1384 1339 secuti
1427 1297 1676 1340 sumus.
1724 1275 1999 1341 Scilicet
2040 1277 2265 1340 conati
2307 1299 2558 1353 sumus,
2600 1282 2800 1357 prout
2843 1277 2991 1341 fieri
3030 1282 3317 1357 poterat,

775 1379 1238 1460 phaenomena
1261 1388 1759 1461 repraesentare
1781 1404 1952 1461 quae
1976 1380 2234 1461 aliquid
2259 1382 2640 1447 conferrent
2663 1381 2749 1446 ad
2774 1381 3321 1447 distributionem

775 1485 1258 1552 multitudinis,
1304 1487 1451 1561 Quo
1488 1488 1565 1552 fit
1603 1494 1680 1551 ut
1718 1487 2066 1552 modulum
2104 1489 2308 1568 paulo
2348 1489 2674 1568 majorem
2715 1490 3194 1569 sumpserimus
3233 1487 3323 1551 ad

777 1592 1264 1657 instituendam
1307 1593 1631 1670 tabulam,
1676 1617 1811 1675 qua
1851 1595 2045 1674 copia
2087 1594 2463 1658 incolarum
2507 1594 3018 1659 demonstratur.
3064 1595 3320 1658 Verum

777 1722 852 1764 eo
889 1698 1084 1763 modo
1122 1699 1319 1763 licuit
1353 1700 1636 1765 flumina
1675 1702 1834 1765 satis
1874 1701 2275 1780 singillatim
2316 1700 2708 1777 describere,
2750 1701 3044 1766 locorum
3084 1702 3321 1765 altitu-

776 1804 965 1869 dines
1027 1806 1260 1871 multis
1322 1807 1765 1872 rationalibus
1829 1807 2073 1871 litteris
2136 1808 2531 1887 exprimere,
2595 1809 2801 1872 etiam
2861 1807 3003 1871 vias
3067 1808 3319 1871 ferreas

776 1911 1132 1977 delineare.

860 2019 1120 2084 Tabula
1160 2020 1381 2084 minor
1422 2044 1591 2101 quae
1635 2020 1926 2085 ostendit
1968 2020 2300 2100 quomodo
2336 2020 2795 2085 habitantium
2840 2019 3022 2087 sedes
3066 2021 3320 2099 glome-

774 2131 955 2190 ratae
1001 2127 1158 2204 sint,
1204 2128 1512 2192 habenda
1557 2134 1654 2192 est
1700 2128 2256 2205 additamentum,
2302 2134 2379 2192 ut
2424 2128 2629 2207 vulgo
2673 2127 2908 2192 dicunt
2954 2152 2983 2187 α
3023 2132 3257 2190 certon
3288 2152 3319 2187 ι

773 2231 1042 2296 tabulae
1088 2236 1382 2315 majoris,
