3720 5875
1553 622 1898 686 —le—

548 784 931 863 Imaginem
962 789 1190 847 tamen
1222 780 1511 846 ostendit
1543 781 1889 860 Turquani
1923 781 2158 846 tabula
2189 781 2405 845 multo
2435 780 2997 860 verisimiliorem,

457 912 658 970 quam
747 911 973 953 omnes
1060 893 1259 952 antea
1347 888 1712 952 instructae
1801 885 2070 952 tabulae
2099 888 2162 964 ¹3
2253 887 2500 967 quippe
2589 887 2999 953 dioecesibus

456 996 760 1060 minimis
787 1017 946 1060 usus
975 1001 1094 1072 est,
1123 996 1219 1059 ita
1246 999 1326 1060 ut
1350 994 1674 1075 singulas,
1703 994 1811 1058 vel
1838 995 2118 1058 minime
2147 994 2463 1073 dispares,
2494 993 2999 1060 distribuendae

456 1100 923 1166 multitudinis
971 1102 1263 1165 rationes
1310 1101 1679 1165 clarissime
1725 1100 2142 1180 expresserit.
2194 1101 2340 1165 Hoc
2388 1107 2613 1165 autem
2663 1105 2999 1164 assecutus

459 1215 578 1285 est,
621 1207 969 1272 nonnullis
1011 1207 1404 1272 necessariis
1446 1205 1642 1272 rebus
1687 1208 1969 1284 omissis,
2014 1230 2185 1287 quae
2227 1214 2306 1274 ut
2343 1208 2490 1288 jam
2532 1231 2737 1288 supra
2778 1213 2994 1273 osten-

460 1314 682 1379 dimus
727 1313 810 1379 ad
856 1313 1156 1380 studium
1200 1315 1620 1395 propositum
1664 1313 1952 1377 maximi
1997 1315 2321 1378 momenti
2369 1319 2543 1378 sunt.
2595 1314 2765 1379 Cum
2813 1315 2993 1379 enim

461 1422 785 1487 minimus
824 1422 911 1488 sit
946 1421 1332 1485 tabularum
1368 1419 1683 1484 modulus
1719 1421 2006 1484 flumina
2041 1427 2309 1485 tantum
2349 1421 2713 1500 praecipua
2752 1428 2820 1485 et
2854 1422 2997 1486 vias

455 1528 847 1609 praecipuas
898 1527 1288 1605 describere,
1340 1526 1482 1590 vias
1533 1549 1691 1591 vero
1738 1526 1988 1590 ferreas
2041 1532 2108 1590 et
2160 1526 2284 1590 soli
2335 1524 2732 1590 altitudines
2786 1525 2996 1590 haud-

458 1656 797 1714 quaquam
828 1633 1042 1698 licuit.
1075 1633 1368 1699 Urbium
1398 1639 1596 1698 notae
1628 1655 1784 1698 cum
1811 1655 2052 1714 pamm
2086 1633 2304 1698 clarae
2334 1634 2471 1698 sint
2499 1632 2995 1713 magnitudinis

457 1739 820 1805 discrimen
851 1762 988 1805 non
1021 1740 1183 1805 satis
1215 1739 1607 1805 ostenditur.

544 1844 649 1908 Ad
688 1868 796 1910 eos
833 1844 1134 1910 defectus
1171 1846 1311 1916 alia
1345 1846 1675 1911 accedunt
1709 1845 2130 1912 incommoda
2167 1868 2338 1925 quae
2377 1869 2458 1910 ex
2499 1847 2646 1925 ipsa
2680 1845 2995 1912 methodo

457 1953 877 2032 proveniunt.
929 1951 1366 2033 Geographus
1415 1953 1597 2017 enim
1643 1953 1932 2032 priorem
1979 1952 2282 2016 tabulam
2332 1951 2701 2016 delineavit
2747 1954 2998 2033 majore

455 2058 726 2123 modulo
760 2059 1155 2136 (1.320.000)
1183 2083 1197 2135 3
1238 2059 1393 2123 dein
1431 2057 1730 2122 eamdem
1764 2059 2032 2123 minuto
2063 2058 2339 2122 modulo
2371 2059 2443 2123 in
2478 2057 2723 2138 vulgus
2761 2057 2994 2123 edidit.

456 2164 736 2226 Necesse
795 2171 1021 2228 autem
1082 2171 1224 2228 erat
1282 2166 1352 2227 in
1410 2164 1535 2227 hac
1596 2165 1823 2228 onmia
1880 2162 2270 2228 discrimina
2330 2165 2546 2243 magis
2602 2166 2994 2230 summatim

457 2271 978 2350 repraesentari3
1025 2270 1137 2335 sed
1181 2271 1373 2336 nulla
1413 2295 1483 2335 re
1527 2272 1601 2334 in
1643 2270 2025 2352 praeteritis
2070 2271 2327 2348 relicta,
2374 2271 2742 2350 imaginem
2787 2272 2994 2337 refert

458 2376 869 2441 inconditam
919 2400 1149 2441 earum
1197 2378 1572 2457 regionum,
1621 2378 1695 2440 in
1743 2377 1988 2457 quibus
2034 2376 2419 2442 habitantes
2465 2376 2721 2458 ubique
2765 2376 2990 2442 distri-

455 2484 603 2547 buti
634 2490 792 2557 sunt
819 2484 958 2547 fere
986 2507 1123 2548 una
1155 2484 1516 2564 eademque
1547 2472 1826 2560 ratione,
1862 2488 2159 2547 attamen
2190 2484 2262 2547 in
2293 2482 2575 2548 diversis
2606 2483 2994 2563 municipiis

456 2591 717 2668 saepius
765 2590 1015 2669 dispari
1064 2589 1259 2654 modo
1306 2589 1765 2669 glomerantur
1814 2589 2092 2664 incolae,
2145 2611 2356 2669 neque
2405 2589 2716 2653 novimus
2766 2611 2995 2653 earum

455 2693 993 2759 differentiarum
1064 2718 1294 2760 causas
1361 2718 1533 2776 quae
1602 2693 1687 2758 ad
1756 2695 2238 2775 geographiam
2302 2696 2707 2775 pertineant.
2781 2695 2992 2776 Cujus

455 2799 858 2864 incommodi
910 2801 1221 2880 exempla
1264 2801 1587 2881 praebent
1634 2800 1877 2880 plagae
1925 2799 2143 2864 dictae
2196 2797 2252 2862 Ie
2307 2797 2556 2873 alaine,
2610 2797 2667 2862 le
2718 2797 2995 2872 Pei-che,

454 2906 750 2986 l'Anjou.
833 2907 981 2972 Hoc
1056 2907 1298 2971 vitium
1379 2909 1522 2988 jam
1601 2905 2083 2973 animadvertit
2162 2907 2631 2987 sagacissimus
2712 2906 2995 2987 scriptor

456 3013 781 3079 Behmius
819 3036 971 3078 cum
1009 3014 1289 3079 notabat
1328 3041 1357 3076 α
1405 3014 1554 3079 dass
1614 3036 1773 3078 man
1836 3013 1945 3078 die
2006 3013 2287 3079 Gebiete
2342 3013 2537 3078 nicht
2596 3013 2749 3078 alzu
2806 3013 2991 3078 klein

453 3120 741 3183 nehmen
781 3118 953 3195 darf,
991 3142 1109 3183 11111
1149 3120 1339 3186 nicht
1378 3122 1487 3183 ein
1527 3120 2106 3185 uniibersehbares
2146 3120 2371 3184 Gewir
2410 3144 2489 3184 zu
2533 3120 2838 3184 erhalten
2868 3122 2893 3161 ²
2931 3138 2989 3180 »-

453 3227 550 3290 Ut
604 3234 829 3290 autem
891 3227 953 3289 ei
1013 3226 1433 3290 incommodo
1494 3233 1870 3291 occurreret
1931 3226 2280 3307 oportebat
2339 3227 2556 3306 magis
2619 3228 2992 3307 generatim

453 3332 917 3412 phaenomena
966 3332 1379 3409 describere3
1434 3332 1610 3414 quod
1662 3333 1811 3397 fieri
1863 3337 2128 3412 poterat
2178 3332 2340 3396 artis
2393 3337 2665 3399 tantum
2716 3354 2992 3414 geogra-

450 3439 688 3518 phicae
726 3436 1153 3504 adminiculo.

540 3542 675 3608 Hic
740 3543 1099 3609 incidimus
1169 3545 1241 3607 in
1310 3543 1494 3608 aliud
1559 3544 1805 3608 vitium
1873 3543 2186 3608 methodo
2256 3543 2623 3607 statisticae
2689 3544 2989 3609 insitum.

455 3648 820 3714 Flexuosas
850 3650 1067 3714 lineas
1097 3649 1180 3714 ad
1212 3649 1800 3715 demonstrandam
1833 3650 2209 3715 incolarum
2243 3649 2503 3729 copiam
2537 3648 2699 3713 dum
2731 3650 2988 3716 mathe-

452 3756 703 3821 matica
736 3762 881 3821 arte
915 3754 1254 3836 describis,
1292 3757 1663 3836 imaginem
1695 3779 1832 3821 non
1866 3760 2052 3836 potes
2087 3756 2311 3820 facere
2347 3778 2520 3836 quae
2554 3778 2708 3821 cum
2745 3762 2993 3822 natura

454 3867 797 3941 congruat,
834 3884 1070 3926 verum
1107 3884 1254 3925 eam
1289 3883 1457 3941 quae
1493 3866 1636 3926 tam
1670 3862 1871 3942 longe
1908 3883 1946 3925 a
1980 3863 2267 3927 veritate
2307 3862 2485 3927 absit
2520 3884 2724 3943 quam
2760 3862 2994 3927 tabula

455 3965 984 4047 chorographica
1028 3968 1101 4030 in
1150 3989 1284 4046 qua
1328 3968 1549 4032 varias
1599 3968 1721 4032 soli
1771 3969 2022 4033 formas
2071 3968 2386 4034 flexuosis
2434 3969 2634 4035 lineis
2684 3968 2987 4035 demons-

453 4079 628 4137 trare
665 4074 941 4151 coneriS,
981 4073 1170 4138 nullo
1206 4073 1619 4138 adminiculo
1653 4079 1996 4154 usurpato,
2035 4080 2299 4154 praeter
2335 4075 2694 4140 rationales
2731 4076 2992 4141 litteras

453 4177 696 4257 quibus
730 4178 1025 4242 locorum
1062 4178 1456 4243 altitudines
1491 4186 1827 4245 notentur.
1871 4179 2084 4243 Nemo
2121 4181 2388 4259 ignorat
2421 4161 2726 4244 tabulam
2763 4180 2991 4246 choro-

452 4284 843 4364 graphicam
881 4307 1014 4348 non
1053 4308 1240 4364 posse
1281 4285 1571 4350 similem
1608 4293 1942 4349 terrarum
1984 4290 2263 4350 naturae
2305 4285 2477 4349 effici
2516 4288 2648 4351 nisi
2690 4286 2763 4350 in
2803 4310 2989 4352 cons-

451 4395 647 4467 pectu
685 4412 909 4453 rerum
946 4391 1402 4470 praesentium
1441 4390 1776 4470 descripta
1811 4392 1901 4455 sit
1933 4390 2018 4457 ald
2056 4391 2477 4456 referendam
2516 4392 2640 4456 soli
2676 4393 2985 4457 formam.

510 4643 557 4692 1.
592 4644 743 4694 Sicut
781 4644 999 4694 tabulae
1033 4644 1337 4695 chavannii
1380 4658 1389 4694 ε
1426 4644 2160 4708 Bevolkerungsdichtigkeit
2194 4659 2305 4697 von
2340 4646 2678 4699 Frankreich
2708 4646 2857 4699 nach
2891 4647 2991 4699 der

449 4717 794 4841 giczgtigilicssz
810 4719 1189 4843 deggahlung
1219 4732 1328 4768 von
1360 4720 1420 4769 18
1450 4720 1563 4770 dec.
1597 4720 1734 4770 1881.
1768 4721 1795 4770 1
1836 4734 1845 4769 :
1877 4720 2133 4771 5.000.000
2164 4722 2224 4769 D.
2259 4721 2596 4771 Rundschau
2628 4721 2666 4783 t.
2703 4721 2896 4781 Geoqr.
2931 4734 2985 4771 u.

510 4878 556 4929 2.
592 4878 773 4931 ΒΕιιΜ.
803 4880 898 4931 Die
928 4880 1246 4943 Verteilung
1274 4881 1371 4931 der
1396 4881 1694 4932 Menschen
1720 4882 1836 4933 Pet.
1865 4881 2001 4931 Μὶιι.
2032 4882 2158 4943 Ery.
2188 4884 2265 4941 35,
2295 4881 2433 4933 1874.
