3720 5875
1563 594 1910 658 -61—

553 759 639 822 In
684 755 996 822 omnibus
1037 753 1448 834 regionibus,
1494 776 1665 831 quae
1698 750 2069 832 descriptae
2122 752 2395 817 fuerant
2439 751 2693 816 tabulis
2738 751 3008 818 modulo

468 865 545 928 1:
599 864 883 929 200000
934 867 1003 924 91
1052 858 1327 924 1110(11110
1377 860 1453 922 1:
1506 859 1745 924 50000
1795 859 1880 922 ab
1933 857 2177 922 Officio
2227 857 2672 938 geographico
2724 858 3010 922 militari

469 970 693 1046 editis,
745 967 1118 1046 municipia
1167 965 1369 1029 facile
1421 964 1946 1044 reperiebantur.
2003 965 2288 1043 Insuper
2338 964 2679 1043 potuimus
2732 963 3012 1028 definire

470 1076 677 1140 situm
719 1072 1093 1138 viculorum
1137 1071 1469 1135 dictorum
1517 1095 1545 1130 (1
1587 1072 1820 1134 011111119
1855 1096 1884 1131 ι
1932 1071 2170 1149 cuique
2216 1070 2585 1149 municipio
2632 1071 3000 1134 attribuen-

470 1180 728 1254 dorum,
822 1176 1361 1243 commoditatem
1453 1175 1883 1255 percipiendo
1972 1198 2056 1240 ex
2146 1174 2320 1239 libro
2411 1178 2526 1255 qui
2620 1176 3015 1240 inscribitur

473 1312 501 1347 α
543 1285 889 1349 Indicator
928 1283 994 1348 al
1036 1281 1420 1347 comunelor
1461 1283 1716 1345 urbane
1758 1283 1813 1360 si
1857 1281 2096 1345 rurale.
2130 1306 2159 1342 ι

556 1404 812 1469 Verum
847 1403 917 1466 in
953 1424 1028 1466 ea
1063 1400 1432 1465 Valachiae
1467 1406 1675 1481 parte,
1711 1422 1881 1479 quae
1919 1400 2249 1480 descripta
2288 1406 2555 1464 tantum
2591 1401 2729 1465 fuit
2764 1399 3013 1465 tabulis

469 1511 669 1575 dictis
730 1507 952 1573 Horta
1008 1505 1375 1573 Padurilor
1440 1512 1507 1570 et
1565 1505 1930 1571 secundum
1996 1505 2259 1571 tabulas
2321 1508 2686 1571 austriacas
2747 1507 3015 1572 modulo

475 1617 550 1680 l:
615 1614 891 1681 300000
953 1613 1282 1688 formatis,
1348 1634 1538 1692 saepe
1603 1613 1674 1675 in
1733 1612 2001 1691 magnis
2063 1613 2395 1692 angustiis
2458 1614 2705 1676 versati
2766 1635 3010 1678 sumus.

477 1722 979 1801 Nonnunquam
1043 1721 1223 1783 enim
1287 1725 1550 1782 mutata
1613 1727 1770 1783 sunt
1830 1718 2108 1782 nomina
2172 1719 2720 1799 municipiorum,
2764 1742 2847 1783 ex
2887 1743 3018 1800 quo

476 1827 749 1891 tabulae
812 1834 969 1891 sunt
1031 1827 1419 1901 instructae,
1479 1847 1633 1888 cum
1699 1823 1882 1888 sedes
1945 1824 2383 1905 municipalis
2447 1826 2671 1890 curiae
2736 1825 2820 1889 ab
2884 1849 3021 1892 11110

480 1960 509 1993 «
551 1937 748 1999 catun
785 1959 817 1993 »
851 1932 934 1998 ad
965 1932 1140 1998 aliud
1174 1958 1204 1992 «
1246 1934 1440 1996 catun
1477 1958 1507 1991 »
1543 1932 1876 1995 translata
1909 1936 2024 1995 est.
2063 1930 2170 1994 Ad
2203 1930 2378 2011 quod
2413 1931 3018 2012 recognoscendum

477 2041 648 2104 utile
681 2040 788 2104 usi
822 2062 1050 2104 sumus
1084 2038 1260 2102 libro
1293 2037 1677 2118 supradicto
1713 2064 1742 2097 ι(
1783 2037 2131 2101 Indicator
2165 2037 2229 2101 al
2265 2037 2664 2102 comunelor.
2699 2063 2727 2098 ι

564 2162 885 2223 Attamen
951 2157 1284 2222 nonnulla
1351 2157 1722 2236 municipia
1785 2157 1857 2220 in
1928 2157 2179 2220 tabulis
2244 2157 2512 2220 usitatis
2577 2157 2764 2221 nullo
2830 2164 3022 2237 pacto

481 2266 759 2345 reperiri
798 2265 1011 2328 licuit.
1055 2265 1306 2328 Locum
1348 2286 1546 2343 quem
1585 2269 1914 2342 occupant
1955 2263 2340 2327 definiimus
2381 2264 2636 2328 utendo
2672 2263 3021 2327 breviariis

484 2370 946 2451 geographicis
980 2371 1480 2450 provinciarum
1513 2392 1551 2432 a
1587 2370 1916 2433 Societate
1953 2368 2418 2449 Geographica
2452 2369 2765 2433 Rumana
2800 2369 3019 2448 editis,

481 2478 554 2541 in
619 2477 862 2557 quibus
925 2477 1067 2541 fere
1133 2478 1443 2544 omnibus
1509 2483 1833 2541 notantur
1897 2477 2273 2556 municipia
2337 2476 2632 2540 finitima
2697 2476 3024 2557 cujusque

482 2584 860 2663 municipii,
898 2605 1199 2663 quaeque
1215 2582 1440 2647 -distet
1479 2605 1516 2645 a
1554 2583 1770 2662 capite
1808 2578 2143 2646 dioecesis

568 2686 844 2751 Praeter
889 2710 967 2751 ea
1010 2687 1429 2752 incommoda
1475 2686 1878 2767 supradicta,
1926 2709 2095 2767 quae
2142 2711 2226 2752 ex
2271 2689 2551 2752 materia
2598 2688 3023 2768 proveniunt,

484 2800 845 2873 supersunt
883 2793 1018 2856 alia
1059 2792 1496 2870 incommoda,
1540 2793 1855 2858 methodo
1895 2792 2241 2857 adhibitae
2283 2795 2743 2860 inhaerentia:

571 2913 843 2978 Etenim
889 2913 1036 2978 fieri
1080 2919 1297 2995 potest
1342 2919 1420 2977 ut
1463 2912 1711 2978 finibus
1759 2912 2111 2993 regionum
2158 2913 2575 2979 naturalium
2622 2913 3028 2996 frangantur

487 3041 675 3083 areae
706 3020 1227 3100 municipiorum
1256 3044 1269 3097 3
1305 3021 1479 3099 quod
1514 3020 1899 3099 saepissime
1933 3022 2158 3084 evenit
2192 3022 2265 3085 in
2298 3020 2644 3099 Valachia‚
2680 3027 3027 3102 propterea

505 3125 681 3204 quod
734 3126 1112 3205 municipia
1162 3125 1488 3205 plurimos
1544 3152 1573 3185 ι(
1614 3128 1856 3189 05111119
1894 3152 1922 3187 ι
1976 3126 2532 3206 complectuntur.
2589 3127 2757 3191 Cum
2810 3149 3026 3207 neque

487 3252 709 3294 aream
738 3231 1282 3310 municipiorum,
1313 3254 1528 3311 neque
1559 3232 1932 3296 incolarum
1958 3254 2312 3296 numerum
2343 3234 2415 3297 in
2445 3256 2753 3313 quoque«
2777 3237 2971 3299 catun
2993 3260 3024 3293 »

488 3337 750 3400 novisse
790 3335 983 3400 nobis
1024 3336 1279 3414 liceret,
1321 3335 1406 3399 ad
1447 3337 1734 3401 artificia
1777 3336 2308 3416 confugiendum
2356 3345 2518 3415 erat,
2564 3339 2807 3419 quibus
2851 3339 3031 3404 diffi-

490 3441 704 3505 cultas
735 3441 1117 3507 solveretur.

577 3559 966 3624 Incolarum
1001 3583 1361 3624 numerum
1400 3562 1726 3640 cujusque
1765 3562 2125 3641 municipii
2164 3563 2599 3628 attribuimus
2637 3564 3034 3645 plerumque

492 3665 774 3745 regioni,
820 3667 892 3729 in
938 3689 1070 3745 qua
1114 3666 1481 3731 collocatur
1525 3665 1707 3733 sedes
1752 3666 2098 3731 aedilium.
2150 3667 2424 3741 Quoties
2468 3692 2624 3733 vero
2671 3693 2750 3734 ea
2792 3673 2902 3736 via
2949 3671 3032 3735 ad

491 3794 778 3835 errorem
812 3772 1246 3836 manifestum
1281 3771 1552 3837 deducti
1585 3773 1999 3850 videbamus,
2034 3775 2200 3838 fines
2236 3776 2586 3855 regionum
2619 3778 3033 3842 naturalium

490 3876 771 3956 paulum
819 3879 1249 3956 mutavimus,
1301 3880 1397 3941 ita
1445 3885 1524 3942 ut
1572 3901 1799 3943 omnes
1848 3878 2102 3943 viculos
2152 3880 2523 3960 municipio
2571 3881 3033 3946 attribuendus

494 3984 567 4046 in
609 4006 746 4047 una
786 3989 854 4047 et
895 3983 1127 4047 eadem
1169 3985 1441 4062 regione
1483 3984 2093 4064 complecteremur.

579 4102 1083 4183 Nonnunquam
1116 4109 1340 4167 autem
1374 4126 1506 4167 non
1539 4103 1696 4168 licet
1728 4106 1832 4169 uti
1865 4128 1940 4169 90
1971 4104 2276 4183 artificio,
2311 4128 2464 4170 cum
2496 4106 2680 4170 sedes
2714 4106 3035 4172 aedilium

496 4209 568 4272 in
598 4209 773 4272 valle
800 4210 1422 4289 frequentatissima
1449 4210 1815 4274 collocatur
1851 4210 1959 4289 (ut
1991 4217 2149 4275 sunt
2176 4211 2386 4277 valles
2415 4211 2776 4277 fluminum
2808 4212 3038 4278 Buzeu

495 4320 561 4378 et
590 4316 634 4380 J
639 4315 976 4396 alomna),
1007 4323 1073 4381 et
1100 4315 1309 4380 viculi
1343 4316 1637 4381 multum
1670 4315 1995 4382 distantes
2026 4341 2359 4383 summam
2392 4320 2746 4400 planitiem
2778 4327 3033 4400 tenent,

496 4443 667 4503 quae
701 4430 800 4488 est
833 4424 1018 4502 regio
1049 4445 1255 4503 prope
1289 4422 1567 4491 deserta.

581 4528 730 4594 Hoc
762 4550 921 4593 vero
955 4550 1105 4593 raro
1139 4528 1405 4608 accidit,
1442 4530 1578 4594 nisi
1615 4530 1686 4593 in
1722 4536 1910 4610 parte
1946 4532 2262 4596 orientali
2300 4532 2716 4613 Munteniae‚
2756 4556 2923 4614 quae
2965 4535 3037 4598 in

497 4629 748 4697 tabulis
804 4633 1076 4699 modulo
1137 4637 1173 4699 1
1222 4660 1236 4699 :
1297 4636 1576 4700 200000
1640 4642 1706 4699 91
1766 4638 1802 4700 1
1853 4659 1868 4700 :
1932 4638 2170 4701 50000
2230 4637 2564 4719 descripta
2622 4645 2741 4717 est,
2807 4641 2903 4704 ita
2960 4647 3038 4706 ut

497 4739 922 4806 exactissime
991 4739 1212 4805 sedem
1285 4749 1351 4806 et
1421 4741 1710 4806 formam
1783 4744 2112 4824 cujusque
2184 4746 2317 4809 vici
2390 4748 2732 4827 percipere
2803 4749 3034 4829 possis,

499 4844 652 4908 Vici
683 4851 910 4912 autem
936 4847 1399 4913 Rumanorum
1430 4848 1645 4914 hortis
1675 4854 1744 4912 et
1769 4850 1994 4930 parvis
2024 4850 2333 4917 domibus
2365 4855 2542 4918 inter
2573 4876 2639 4918 se
2671 4853 3039 4919 simillimis
