3720 5875
1470 567 1818 631 —31—

451 728 538 791 In
561 728 685 791 hac
707 724 944 791 tabula.
961 749 1279 791 numerus
1304 726 1675 791 incolarum
1696 730 1812 807 qui
1834 750 2027 807 agros
2049 751 2185 792 non
2207 729 2437 792 colunt
2460 752 2596 794 non
2617 730 2919 795 demons-

371 841 618 912 tratur,
642 856 876 898 verum
905 834 1111 897 silvae
1137 835 1600 915 palustriaque
1627 833 1809 898 dicta
1835 861 1864 895 α
1901 834 2129 899 Moore
2158 861 2189 897 ι
2224 836 2435 914 signis
2462 838 2916 917 peculiaribus

371 947 735 1017 nutantum
777 942 983 1004 immo
1019 941 1292 1004 termini
1331 939 1646 1020 descripti
1687 947 1844 1004 sunt
1883 941 2171 1007 duarum
2207 942 2561 1022 plagarum
2596 944 2921 1022 peculiari

371 1053 595 1111 terrae
635 1053 881 1111 natura
923 1045 1394 1112 distinctarum
1439 1069 1602 1127 quas
1647 1048 1912 1127 geologi
1957 1074 1984 1108 α
2044 1046 2243 1111 Gccst
2288 1074 2318 1109 n
2369 1055 2436 1113 et
2478 1076 2506 1111 cx
2557 1048 2833 1113 Marsch
2878 1076 2907 1111 ιι

371 1158 636 1217 vocant.

464 1259 654 1333 Quae
679 1261 819 1340 jam
850 1260 1120 1323 crimini
1152 1258 1459 1324 dedimus
1490 1261 1658 1324 istae
1685 1263 1818 1324 arti
1848 1283 1987 1325 non
2014 1260 2492 1327 revocabimus.

464 1366 747 1446 Propter
801 1366 1166 1430 sollertiam
1221 1373 1291 1430 et
1340 1389 1513 1430 nova
1563 1367 1851 1431 artificia
1906 1366 2211 1431 adhibita
2264 1366 2348 1430 ad
2402 1367 2917 1433 demonstranda

372 1472 840 1552 phaenomena
880 1471 1333 1553 geographica
1372 1495 1541 1553 quae
1583 1475 1926 1553 pertinent
1968 1472 2055 1538 ad
2095 1473 2640 1540 distributionem
2682 1476 2914 1541 multi-

371 1577 654 1657 tudinis,
699 1577 1091 1644 Sandlerius
1136 1580 1327 1646 nobis
1372 1580 1640 1643 videtur
1684 1578 2077 1644 methodum
2123 1581 2194 1643 in
2240 1583 2574 1660 praesenti
2624 1582 2920 1661 capitulo

375 1685 744 1764 inspectam
781 1684 946 1749 adeo
976 1687 1340 1749 mutavisse
1372 1693 1451 1749 ut
1485 1686 1602 1750 vix
1637 1687 1762 1749 tibi
1796 1686 2048 1764 fingere
2084 1688 2291 1766 possis
2326 1687 2743 1752 callidiorem
2775 1689 2920 1767 ejus

373 1812 594 1853 usum.
644 1790 836 1854 Sicut
877 1797 943 1854 et
990 1791 1422 1870 Sprecherius
1468 1798 1532 1854 et
1579 1792 2054 1869 Neukirchius,
2101 1793 2266 1856 dum
2309 1801 2517 1857 artem
2568 1795 2914 1859 meliorem

374 1901 598 1960 tentat
639 1894 967 1961 flexuosas
1010 1898 1226 1961 lineas
1269 1896 1578 1974 ducendi,
1624 1921 1771 1961 eam
1816 1905 2032 1963 artem
2076 1922 2305 1963 revera
2351 1901 2624 1965 omnino
2671 1903 2912 1980 rejicit.

374 2001 564 2065 Adeo
588 2009 664 2067 ut
689 2003 952 2066 tabulas
977 2004 1265 2067 ediderit
1287 2027 1453 2083 quae
1478 2006 1653 2082 juste
1681 2005 1989 2069 collocari
2016 2007 2270 2083 possint
2298 2009 2473 2070 inter
2498 2031 2606 2070 eas
2631 2007 2917 2085 tabulam,

379 2107 568 2171 nobis
613 2107 685 2171 in
731 2108 1038 2188 sequenti
1086 2110 1383 2189 capitulo
1430 2109 1842 2189 scrutandae,
1892 2111 2136 2190 quibus
2184 2112 2558 2177 incolarum
2606 2114 2795 2193 copia
2846 2115 2917 2178 in

377 2214 552 2277 areis
588 2220 835 2277 natura
870 2214 1265 2279 delimitatis
1307 2215 1817 2280 demonstretur.
2696 2286 2699 2289 A

467 2318 538 2381 Si
562 2325 786 2381 autem
813 2319 1225 2398 principium
1249 2321 1575 2384 tenaciter
1599 2323 1785 2400 sequi
1808 2321 2121 2399 volucri8‚
2147 2324 2426 2387 fortasse
2453 2349 2527 2388 eo
2551 2324 2920 2401 adduceris,

378 2433 454 2489 ut
495 2423 957 2489 multitudinis
997 2424 1539 2490 distributionem
1582 2426 1923 2505 significes
1962 2427 2189 2494 domos
2228 2436 2498 2493 tantum
2540 2454 2920 2511 repraesen-

376 2528 602 2607 tando,
645 2529 1014 2593 secundum
1053 2537 1286 2606 artem,
1329 2532 1522 2612 cujus
1563 2534 1875 2612 exempla
1914 2535 2299 2602 rettulimus
2346 2538 2417 2600 in
2460 2539 2759 2616 capitulo
2798 2539 2917 2602 IV.

381 2636 579 2713 Nam,
608 2638 928 2716 quoniam
958 2636 1332 2702 omittenda
1358 2638 1704 2703 existimas
1735 2640 1880 2705 loca
1907 2663 2140 2718 vacua,
2172 2665 2292 2706 cur
2318 2666 2453 2707 non
2483 2646 2642 2709 satis
2672 2645 2916 2711 habeas

377 2741 630 2805 referre
662 2764 896 2806 verum
934 2744 1139 2806 situm
1176 2743 1525 2809 domorum
1557 2751 1629 2809 et
1664 2747 1989 2811 urbium?

465 2845 741 2912 Constat
768 2848 980 2927 igitur
1007 2872 1235 2913 eorum
1265 2853 1567 2916 omnium
1598 2860 1864 2930 conatu,
1894 2856 2010 2934 qui
2038 2862 2470 2921 tentaverunt
2501 2859 2916 2924 callidiorem

377 2953 649 3018 reddere
699 2963 907 3019 artem
961 2956 1172 3021 lineas
1223 2958 1510 3023 ducendi
1561 2960 1644 3024 ad
1695 2962 1955 3040 copiam
2008 2964 2382 3027 incolarum
2436 2965 2506 3028 in
2557 2967 2920 3045 provinciis

380 3067 837 3140 computatam
891 3061 1499 3142 demonstrandam,
1554 3067 1856 3147 ejusdem
1911 3070 2076 3133 artis
2131 3071 2552 3135 incommoda
2606 3074 2914 3151 graviora

376 3188 717 3247 apparere.

466 3273 686 3346 Quare
725 3297 1071 3341 censemus
1109 3301 1351 3342 novam
1391 3281 1572 3343 viam
1611 3304 1748 3344 esse
1784 3280 2201 3345 tentandam.
