3720 5875
1563 598 1909 664 —57—

472 772 608 836 Cur
652 777 880 835 autem
927 769 1132 834 situm
1182 762 1643 846 supradictum
1692 760 2042 826 domorum
2091 758 2440 839 elegerint,
2490 781 2691 824 causa
2736 757 3007 824 videtur

469 902 607 944 esse
636 878 835 942 vallis
866 875 1189 950 Danubii,
1221 873 1416 954 cujus
1447 894 1666 954 opera,
1699 893 1853 935 cum
1887 868 2206 950 planities
2237 889 2500 933 summa
2533 867 2745 932 incisa
2777 866 3009 943 fuerit,

468 984 834 1051 secundum
874 983 1348 1057 acclivitatem,
1389 981 1564 1044 sicut
1602 980 1673 1043 in
1709 978 2004 1043 vallibus
2042 976 2403 1041 fluminum
2444 975 2674 1041 Buzeu
2714 981 2781 1040 et
2819 975 2864 1040 J
2867 974 3004 1039 alo-

466 1094 657 1172 mita,
701 1097 1017 1156 emanant
1058 1090 1313 1164 fontem
1358 1087 1517 1153 inde
1554 1091 1862 1151 crescunt
1899 1084 2220 1159 silvulae;
2266 1081 2432 1149 adeo
2469 1087 2547 1147 ut
2588 1081 2894 1147 homines
2936 1083 3008 1145 in

465 1199 590 1263 hoc
627 1199 771 1264 loco
805 1197 1165 1278 glomerari
1200 1196 1474 1276 possint.
1515 1194 1755 1274 Itaque
1788 1193 1970 1257 vicos
2006 1191 2170 1257 valli
2206 1191 2509 1255 Danubii
2546 1189 3002 1265 attribuimus,

467 1307 732 1371 etiamsi
772 1304 999 1370 domos
1039 1302 1300 1384 aliquas
1342 1304 1413 1367 in
1455 1323 1718 1366 summa
1758 1300 2014 1381 planiie
2056 1298 2328 1363 habent.

554 1424 806 1490 Eodem
847 1425 1182 1505 principio
1223 1422 1582 1487 difficultas
1624 1422 1845 1486 soluta
1884 1426 2004 1497 est,
2046 1441 2216 1500 quae
2257 1420 2523 1499 paritur
2562 1418 2729 1482 vicis
2769 1423 3003 1482 tenen-

466 1532 648 1596 tibus
683 1532 834 1597 loca
865 1532 1150 1596 acclivia
1183 1529 1266 1595 ad
1300 1530 1655 1611 planitiem
1691 1551 1864 1610 quae
1899 1528 2150 1594 dicitur
2188 1554 2216 1589 α
2260 1533 2543 1591 terrasse
2579 1524 2923 1590 diluviale.
2967 1551 2996 1586 ι

463 1639 783 1720 Exempli
834 1661 1034 1703 causa
1083 1638 1372 1703 referam
1424 1637 1626 1702 colles
1676 1637 2060 1717 adjacentes
2110 1634 2380 1700 flumini
2436 1634 2649 1714 Arges
2702 1632 2786 1697 ab
2836 1631 3004 1697 urbe

464 1747 715 1812 Pitesci
748 1769 959 1826 usque
990 1744 1075 1810 ad
1105 1745 1395 1821 Gaiesci‚
1428 1745 1602 1809 sicut
1633 1750 1698 1808 et
1730 1744 1882 1808 illos
1915 1744 2031 1824 qui
2064 1765 2104 1806 a
2136 1741 2378 1806 Mizilu
2409 1764 2620 1819 usque
2652 1738 2737 1804 ad
2768 1739 3005 1804 urbem

464 1854 695 1918 Buzeu
720 1853 829 1918 vel
857 1853 1060 1917 etiam
1088 1875 1299 1933 usque
1327 1850 1411 1916 ad
1438 1852 1725 1932 Focsani
1754 1873 1956 1916 zonae
1985 1850 2260 1915 collium
2291 1849 2496 1912 finem
2524 1848 2810 1925 faciunt,
2840 1845 3003 1911 dum

460 1961 776 2042 planitiei
819 1962 1190 2025 exsiccatae
1232 1958 1610 2024 imminent.
1656 1958 1892 2038 Neque
1934 1958 2116 2021 enim
2160 1979 2435 2036 campus
2478 1978 2676 2020 causa
2719 1953 3002 2019 coeundi

463 2068 634 2144 fuit;
684 2090 918 2132 verum
968 2066 1190 2132 sedem
1242 2068 1589 2145 elegerunt
1639 2066 1712 2129 in
1762 2064 1925 2129 locis
1976 2063 2363 2139 acclivibus,
2414 2063 2679 2142 apricis,
2731 2062 3005 2126 consitis

466 2176 716 2240 vitibus
762 2198 838 2239 ac
885 2173 1141 2255 prunis,
1189 2174 1623 2254 irrigatisque
1670 2171 1906 2236 multis
1952 2171 2256 2236 fontibus
2305 2170 2421 2249 qui
2470 2168 2835 2233 decurrunt
2882 2190 3001 2248 per

462 2282 807 2346 umbrosas
854 2281 1084 2345 valles.
1139 2280 1333 2344 Talia
1382 2280 1546 2356 loca,
1598 2279 1900 2343 maxima
1950 2278 2321 2342 incolarum
2377 2276 2570 2357 copia
2620 2276 3000 2356 conspicua,

462 2388 823 2454 habuimus
873 2388 1019 2453 loco
1068 2388 1421 2468 regionum
1470 2387 1941 2467 peculiarium,
1994 2384 2607 2465 conjunximusque
2659 2406 2812 2448 cum
2868 2382 2999 2446 col-

462 2496 641 2560 libus
670 2496 887 2575 magis
914 2518 1117 2576 quam
1147 2517 1301 2559 cum
1328 2494 1634 2574 planitie.

546 2612 1061 2680 Incommodum
1096 2612 1283 2678 aliud
1315 2614 1626 2693 provenit
1660 2635 1744 2676 ex
1778 2613 1950 2676 areis
1984 2611 2284 2690 incultis,
2321 2609 2496 2691 quod
2533 2610 2829 2690 effugere
2864 2632 3000 2674 non

461 2722 825 2802 potuimus.
869 2720 1002 2786 Eas
1045 2743 1230 2785 areas
1272 2742 1621 2800 segregare
1662 2742 1795 2784 non
1842 2720 1989 2783 ausi
2034 2741 2285 2794 sumuS,
2330 2718 2460 2782 nisi
2506 2739 2659 2781 cum
2703 2716 2999 2797 spatium

460 2833 692 2893 tenent
736 2828 995 2906 regioni
1041 2826 1338 2892 naturali
1384 2826 1833 2894 simillimum.
1877 2830 1955 2889 ut
1997 2823 2316 2888 videntur
2361 2822 2581 2903 campi
2626 2822 3003 2898 humenteS,

458 2932 821 3015 paludibus
854 2934 1275 3011 intermissis,
1309 2933 1715 3013 omninoque
1748 2930 2013 3008 deserti,
2048 2931 2164 3013 qui
2196 2936 2522 2996 vocantur
2556 2957 2585 2992 «ι
2628 2929 2831 2995 Balta
2863 2958 2892 2993 ι
2934 2935 3000 2995 et

459 3047 691 3106 tenent
728 3041 1150 3120 superficiem
1190 3044 1260 3106 in
1302 3038 1800 3120 longitudinem
1848 3038 2006 3117 (100
2044 3038 2195 3117 kil.)
2239 3038 2455 3117 magis
2495 3060 2697 3118 quam
2738 3038 2809 3101 in
2848 3037 3000 3100 lati-

457 3147 764 3212 tudinem
831 3147 943 3226 (10
1000 3146 1150 3226 kil.)
1212 3152 1609 3227 porrectam,
1666 3146 1866 3226 juxta
1923 3145 2178 3209 flumen
2236 3144 2630 3209 Danubium
2689 3144 2774 3209 ab
2831 3143 2997 3209 urbe

461 3253 757 3333 Calarasi
808 3276 1020 3334 usque
1072 3251 1156 3318 ad
1205 3252 1441 3317 urbem
1494 3251 1743 3317 Braila.

544 3374 630 3439 In
694 3374 1033 3453 superiore
1093 3372 1294 3438 vallis
1357 3379 1546 3453 parte
1610 3372 1895 3451 irrigata
1956 3369 2275 3435 Danubio
2337 3375 2700 3450 antequam
2762 3370 3000 3433 urbem

459 3479 754 3558 Calarasi
792 3479 1157 3555 interfluat,
1194 3502 1484 3556 amnem,
1520 3483 1781 3557 stagna,
1819 3499 2219 3557 camposque
2253 3476 2607 3541 humentes
2645 3499 2777 3541 non
2816 3498 2999 3556 sepo-

458 3586 737 3662 suimus,
774 3586 1095 3665 quoniam
1130 3608 1362 3649 zonam
1399 3591 1635 3649 tenent
1669 3585 1960 3648 nimium
1999 3588 2375 3663 angustam.
2417 3581 2609 3647 Adde
2646 3582 2824 3663 quod
2859 3583 2994 3647 uti-

457 3692 720 3755 litatem
786 3690 1085 3771 aliquam
1149 3714 1233 3754 ex
1298 3693 1393 3756 eis
1458 3690 1739 3755 trahunt
1806 3690 2085 3766 incolae,
2150 3690 2546 3770 praesertim
2612 3691 2994 3769 piscatores,

457 3798 796 3879 etiamque
841 3797 1195 3878 agricolae,
1242 3798 1358 3879 qui
1404 3796 1852 3862 arundinibus
1897 3803 2186 3862 utuntur
2230 3795 2313 3861 ad
2361 3794 2774 3860 conficienda
2816 3802 2996 3862 tecta

456 3903 804 3969 domorum
850 3912 919 3970 et
954 3905 1295 3984 permulta
1333 3904 1673 3968 utensilia.

543 4010 865 4090 Regionis
921 4016 1153 4074 contra
1206 4032 1378 4090 quase
1430 4015 1710 4075 vocatur
1763 4009 1968 4074 Balta
2018 4031 2153 4074 non
2208 4007 2440 4073 eadem
2497 4015 2596 4073 est
2645 4007 2994 4073 condicio:

455 4140 538 4182 ex
582 4139 708 4181 usu
751 4116 890 4181 fuit
934 4138 1247 4197 seponere
1291 4114 1572 4196 paludes
1616 4121 1920 4197 patentes
1963 4121 2231 4196 praeter
2275 4114 2751 4181 diverticulum
2799 4116 2992 4180 fluvii

454 4223 578 4288 sub
611 4246 855 4306 aggere
888 4222 1299 4288 occidentale
1331 4223 1531 4288 vallis
1564 4222 1922 4304 profluens,
1957 4224 2118 4304 quia
2151 4223 2390 4287 incolis
2424 4224 2601 4287 nihil
2635 4223 2995 4289 conferunt

454 4330 537 4395 ad
569 4332 751 4398 vitae
781 4331 1170 4396 necessaria.

540 4450 777 4516 Restat
839 4455 916 4514 ut
978 4450 1348 4515 maximam
1414 4448 1892 4515 difficultatem
1958 4450 2391 4514 enuntiemus
2455 4470 2629 4529 quae
2691 4456 2998 4515 occurrat

454 4556 1000 4622 incumbentibus
1055 4557 1126 4620 in
1182 4555 1480 4620 studium
1537 4556 1891 4635 regionum
1947 4556 2387 4631 naturalium,
2442 4555 2561 4619 ubi
2617 4556 2782 4622 fines
2837 4562 2992 4636 apte

452 4661 790 4727 delineare
820 4667 1107 4727 tentant.
1145 4662 1427 4726 Necesse
1460 4668 1560 4725 est
1592 4663 1773 4726 enim
1807 4668 1886 4726 ut
1919 4663 2084 4726 fines
2118 4685 2256 4726 non
2289 4662 2514 4727 minus
2550 4668 2821 4726 exactae
2857 4663 2992 4727 sint

452 4792 655 4849 quam
684 4770 849 4833 fines
874 4769 1399 4849 provinciarum.
1433 4767 1626 4842 Quod
1656 4791 1820 4849 opus
1846 4767 2117 4832 videtur
2141 4790 2386 4848 parum
2415 4766 2989 4833 accommodatum

453 4897 606 4939 cum
638 4898 798 4939 vera
828 4897 1053 4940 rerum
1086 4881 1350 4952 natura,
1384 4881 1450 4940 et
1482 4876 1747 4956 saepius
1781 4898 1865 4942 ex
1898 4874 2183 4941 libidine
2216 4875 2495 4941 factum.
