<?xml version="1.0" encoding="UTF-8"?>
<!DOCTYPE html PUBLIC "-//W3C//DTD XHTML 1.0 Transitional//EN"
    "http://www.w3.org/TR/xhtml1/DTD/xhtml1-transitional.dtd">
<html xmlns="http://www.w3.org/1999/xhtml" xml:lang="en" lang="en">
 <head>
  <title>
</title>
<meta http-equiv="Content-Type" content="text/html;charset=utf-8" />
  <meta name='ocr-system' content='tesseract 3.04.00' />
  <meta name='ocr-capabilities' content='ocr_page ocr_carea ocr_par ocr_line ocrx_word'/>
</head>
<body>
  <div class='ocr_page' id='page_1' title='image "./quaarteformanda00martgoog_0027.png"; bbox 0 0 3720 5875; ppageno 0'>
   <div class='ocr_carea' id='block_1_1' title="bbox 1073 1016 2273 1105">
    <p class='ocr_par' dir='ltr' id='par_1_1' title="bbox 1073 1016 2273 1105">
     <span class='ocr_line' id='line_1_1' title="bbox 1073 1016 2273 1105; baseline 0.007 -7"><span class='ocrx_word' id='word_1_1' title='bbox 1073 1016 1483 1101; x_wconf 88' lang='lat' dir='ltr'><strong>CAPUT</strong></span> <span class='ocrx_word' id='word_1_2' title='bbox 1603 1017 2273 1105; x_wconf 84' lang='lat' dir='ltr'><strong>SECUNDUM</strong></span> 
     </span>
    </p>
   </div>
   <div class='ocr_carea' id='block_1_2' title="bbox 404 1216 2941 1405">
    <p class='ocr_par' dir='ltr' id='par_1_2' title="bbox 404 1216 2941 1405">
     <span class='ocr_line' id='line_1_2' title="bbox 404 1216 2941 1305; baseline 0.003 -26"><span class='ocrx_word' id='word_1_3' title='bbox 404 1217 743 1286; x_wconf 82' lang='lat' dir='ltr'>Quomodo</span> <span class='ocrx_word' id='word_1_4' title='bbox 772 1216 1081 1279; x_wconf 87' lang='lat' dir='ltr'>nonnulli</span> <span class='ocrx_word' id='word_1_5' title='bbox 1108 1217 1479 1281; x_wconf 86' lang='lat' dir='ltr'>incolarum</span> <span class='ocrx_word' id='word_1_6' title='bbox 1500 1219 1759 1300; x_wconf 89' lang='lat' dir='ltr'>copiam</span> <span class='ocrx_word' id='word_1_7' title='bbox 1781 1220 1854 1282; x_wconf 92' lang='lat' dir='ltr'>in</span> <span class='ocrx_word' id='word_1_8' title='bbox 1883 1221 2063 1284; x_wconf 87' lang='lat' dir='ltr'>areis</span> <span class='ocrx_word' id='word_1_9' title='bbox 2092 1240 2172 1285; x_wconf 86' lang='lat' dir='ltr'>ex</span> <span class='ocrx_word' id='word_1_10' title='bbox 2189 1230 2386 1303; x_wconf 87' lang='lat' dir='ltr'>pacto</span> <span class='ocrx_word' id='word_1_11' title='bbox 2407 1223 2941 1305; x_wconf 77' lang='lat' dir='ltr'><strong>circumscriptis</strong></span> 
     </span>
     <span class='ocr_line' id='line_1_3' title="bbox 944 1326 2407 1405; baseline 0.005 -19"><span class='ocrx_word' id='word_1_12' title='bbox 944 1330 1397 1405; x_wconf 87' lang='lat' dir='ltr'>computatam</span> <span class='ocrx_word' id='word_1_13' title='bbox 1449 1326 1916 1392; x_wconf 87' lang='lat' dir='ltr'>demonstrare</span> <span class='ocrx_word' id='word_1_14' title='bbox 1966 1330 2407 1395; x_wconf 81' lang='lat' dir='ltr'>tentaverint.</span> 
     </span>
    </p>
   </div>
   <div class='ocr_carea' id='block_1_3' title="bbox 1493 1512 1874 1526">
    <p class='ocr_par' dir='ltr' id='par_1_3' title="bbox 1493 1512 1874 1526">
     <span class='ocr_line' id='line_1_4' title="bbox 1493 1512 1874 1526; baseline 0 0"><span class='ocrx_word' id='word_1_15' title='bbox 1493 1512 1874 1526; x_wconf 95' lang='lat' dir='ltr'> </span> 
     </span>
    </p>
   </div>
   <div class='ocr_carea' id='block_1_4' title="bbox 396 1726 2943 2535">
    <p class='ocr_par' dir='ltr' id='par_1_4' title="bbox 398 1726 2943 2130">
     <span class='ocr_line' id='line_1_5' title="bbox 492 1726 2940 1809; baseline 0.005 -19"><span class='ocrx_word' id='word_1_16' title='bbox 492 1726 858 1806; x_wconf 87' lang='lat' dir='ltr'>Postquam</span> <span class='ocrx_word' id='word_1_17' title='bbox 902 1726 982 1790; x_wconf 90' lang='lat' dir='ltr'>de</span> <span class='ocrx_word' id='word_1_18' title='bbox 1025 1729 1451 1807; x_wconf 82' lang='lat' dir='ltr'>generalibus</span> <span class='ocrx_word' id='word_1_19' title='bbox 1496 1732 2001 1809; x_wconf 81' lang='lat' dir='ltr'>quaestionibus</span> <span class='ocrx_word' id='word_1_20' title='bbox 2044 1731 2129 1796; x_wconf 87' lang='lat' dir='ltr'>ad</span> <span class='ocrx_word' id='word_1_21' title='bbox 2172 1731 2716 1800; x_wconf 79' lang='lat' dir='ltr'>distributionem</span> <span class='ocrx_word' id='word_1_22' title='bbox 2761 1737 2940 1802; x_wconf 87' lang='lat' dir='ltr'>inco-</span> 
     </span>
     <span class='ocr_line' id='line_1_6' title="bbox 403 1832 2943 1921; baseline 0.004 -25"><span class='ocrx_word' id='word_1_23' title='bbox 403 1832 624 1896; x_wconf 84' lang='lat' dir='ltr'>larum</span> <span class='ocrx_word' id='word_1_24' title='bbox 664 1834 1159 1913; x_wconf 80' lang='lat' dir='ltr'>pertinentibus</span> <span class='ocrx_word' id='word_1_25' title='bbox 1200 1833 1618 1915; x_wconf 86' lang='lat' dir='ltr'>disputatum</span> <span class='ocrx_word' id='word_1_26' title='bbox 1659 1843 1777 1915; x_wconf 84' lang='lat' dir='ltr'>est,</span> <span class='ocrx_word' id='word_1_27' title='bbox 1816 1837 1904 1902; x_wconf 81' lang='lat' dir='ltr'>ad</span> <span class='ocrx_word' id='word_1_28' title='bbox 1942 1839 2210 1918; x_wconf 89' lang='lat' dir='ltr'>singula</span> <span class='ocrx_word' id='word_1_29' title='bbox 2249 1840 2836 1921; x_wconf 87' lang='lat' dir='ltr'>progrediendum,</span> <span class='ocrx_word' id='word_1_30' title='bbox 2876 1850 2943 1907; x_wconf 91' lang='lat' dir='ltr'>et</span> 
     </span>
     <span class='ocr_line' id='line_1_7' title="bbox 402 1937 2940 2023; baseline 0.005 -22"><span class='ocrx_word' id='word_1_31' title='bbox 402 1937 890 2003; x_wconf 88' lang='lat' dir='ltr'>ostendendum</span> <span class='ocrx_word' id='word_1_32' title='bbox 958 1962 1128 2020; x_wconf 88' lang='lat' dir='ltr'>quae</span> <span class='ocrx_word' id='word_1_33' title='bbox 1195 1944 1556 2022; x_wconf 82' lang='lat' dir='ltr'>praecipua</span> <span class='ocrx_word' id='word_1_34' title='bbox 1624 1946 2088 2023; x_wconf 80' lang='lat' dir='ltr'>experimenta</span> <span class='ocrx_word' id='word_1_35' title='bbox 2151 1946 2336 2012; x_wconf 80' lang='lat' dir='ltr'>fac-ta</span> <span class='ocrx_word' id='word_1_36' title='bbox 2397 1949 2534 2012; x_wconf 91' lang='lat' dir='ltr'>sint</span> <span class='ocrx_word' id='word_1_37' title='bbox 2600 1947 2684 2013; x_wconf 86' lang='lat' dir='ltr'>ad</span> <span class='ocrx_word' id='word_1_38' title='bbox 2750 1950 2940 2014; x_wconf 87' lang='lat' dir='ltr'>illus-</span> 
     </span>
     <span class='ocr_line' id='line_1_8' title="bbox 398 2042 2092 2130; baseline 0.006 -24"><span class='ocrx_word' id='word_1_39' title='bbox 398 2042 713 2108; x_wconf 85' lang='lat' dir='ltr'>trandam</span> <span class='ocrx_word' id='word_1_40' title='bbox 741 2046 931 2110; x_wconf 88' lang='lat' dir='ltr'>illam</span> <span class='ocrx_word' id='word_1_41' title='bbox 958 2048 1300 2112; x_wconf 88' lang='lat' dir='ltr'>notionem</span> <span class='ocrx_word' id='word_1_42' title='bbox 1326 2049 1578 2114; x_wconf 87' lang='lat' dir='ltr'>tabulis</span> <span class='ocrx_word' id='word_1_43' title='bbox 1607 2051 2092 2130; x_wconf 54' lang='lat' dir='ltr'>geographicis.</span> 
     </span>
    </p>

    <p class='ocr_par' dir='ltr' id='par_1_5' title="bbox 396 2150 2942 2535">
     <span class='ocr_line' id='line_1_9' title="bbox 489 2150 2940 2238; baseline 0.005 -25"><span class='ocrx_word' id='word_1_44' title='bbox 489 2150 592 2214; x_wconf 84' lang='lat' dir='ltr'>Ea</span> <span class='ocrx_word' id='word_1_45' title='bbox 636 2152 708 2216; x_wconf 90' lang='lat' dir='ltr'>in</span> <span class='ocrx_word' id='word_1_46' title='bbox 752 2150 918 2216; x_wconf 87' lang='lat' dir='ltr'>duas</span> <span class='ocrx_word' id='word_1_47' title='bbox 963 2154 1165 2217; x_wconf 89' lang='lat' dir='ltr'>series</span> <span class='ocrx_word' id='word_1_48' title='bbox 1209 2154 1643 2220; x_wconf 82' lang='lat' dir='ltr'>ordinamus:</span> <span class='ocrx_word' id='word_1_49' title='bbox 1694 2157 1814 2220; x_wconf 83' lang='lat' dir='ltr'>alii</span> <span class='ocrx_word' id='word_1_50' title='bbox 1863 2159 2044 2221; x_wconf 91' lang='lat' dir='ltr'>enim</span> <span class='ocrx_word' id='word_1_51' title='bbox 2091 2159 2353 2238; x_wconf 88' lang='lat' dir='ltr'>copiam</span> <span class='ocrx_word' id='word_1_52' title='bbox 2423 2161 2798 2225; x_wconf 82' lang='lat' dir='ltr'>incola-rum</span> <span class='ocrx_word' id='word_1_53' title='bbox 2867 2164 2940 2226; x_wconf 91' lang='lat' dir='ltr'>in</span> 
     </span>
     <span class='ocr_line' id='line_1_10' title="bbox 397 2259 2942 2342; baseline 0.005 -23"><span class='ocrx_word' id='word_1_54' title='bbox 397 2259 573 2320; x_wconf 89' lang='lat' dir='ltr'>areis</span> <span class='ocrx_word' id='word_1_55' title='bbox 607 2280 690 2320; x_wconf 77' lang='lat' dir='ltr'>ex</span> <span class='ocrx_word' id='word_1_56' title='bbox 722 2266 917 2337; x_wconf 83' lang='lat' dir='ltr'>pacto</span> <span class='ocrx_word' id='word_1_57' title='bbox 952 2260 1476 2340; x_wconf 75' lang='lat' dir='ltr'>circumscriptis</span> <span class='ocrx_word' id='word_1_58' title='bbox 1512 2268 2071 2342; x_wconf 77' lang='lat' dir='ltr'>computaverunt</span> <span class='ocrx_word' id='word_1_59' title='bbox 2102 2304 2192 2313; x_wconf 92' lang='grc'>--</span> <span class='ocrx_word' id='word_1_60' title='bbox 2225 2265 2346 2329; x_wconf 90' lang='lat' dir='ltr'>alii</span> <span class='ocrx_word' id='word_1_61' title='bbox 2382 2267 2451 2329; x_wconf 91' lang='lat' dir='ltr'>in</span> <span class='ocrx_word' id='word_1_62' title='bbox 2489 2269 2661 2331; x_wconf 84' lang='lat' dir='ltr'>areis</span> <span class='ocrx_word' id='word_1_63' title='bbox 2697 2274 2942 2331; x_wconf 83' lang='lat' dir='ltr'>natura</span> 
     </span>
     <span class='ocr_line' id='line_1_11' title="bbox 398 2362 2934 2452; baseline 0.004 -24"><span class='ocrx_word' id='word_1_64' title='bbox 398 2362 818 2429; x_wconf 78' lang='lat' dir='ltr'>delimitatis.</span> <span class='ocrx_word' id='word_1_65' title='bbox 866 2364 1180 2430; x_wconf 89' lang='lat' dir='ltr'>Priorum</span> <span class='ocrx_word' id='word_1_66' title='bbox 1226 2373 1451 2431; x_wconf 86' lang='lat' dir='ltr'>autem</span> <span class='ocrx_word' id='word_1_67' title='bbox 1497 2368 1713 2434; x_wconf 89' lang='lat' dir='ltr'>multo</span> <span class='ocrx_word' id='word_1_68' title='bbox 1756 2371 1976 2450; x_wconf 85' lang='lat' dir='ltr'>major</span> <span class='ocrx_word' id='word_1_69' title='bbox 2018 2377 2118 2436; x_wconf 87' lang='lat' dir='ltr'>est</span> <span class='ocrx_word' id='word_1_70' title='bbox 2160 2394 2480 2438; x_wconf 89' lang='lat' dir='ltr'>numerus</span> <span class='ocrx_word' id='word_1_71' title='bbox 2523 2396 2725 2452; x_wconf 86' lang='lat' dir='ltr'>quam</span> <span class='ocrx_word' id='word_1_72' title='bbox 2771 2375 2934 2438; x_wconf 90' lang='lat' dir='ltr'>alte-</span> 
     </span>
     <span class='ocr_line' id='line_1_12' title="bbox 396 2492 647 2535; baseline 0.012 -3"><span class='ocrx_word' id='word_1_73' title='bbox 396 2492 647 2535; x_wconf 89' lang='lat' dir='ltr'>rorum.</span> 
     </span>
    </p>
   </div>
   <div class='ocr_carea' id='block_1_5' title="bbox 570 2740 2735 2821">
    <p class='ocr_par' dir='ltr' id='par_1_6' title="bbox 570 2740 2735 2821">
     <span class='ocr_line' id='line_1_13' title="bbox 570 2740 2735 2821; baseline -0.002 -14"><span class='ocrx_word' id='word_1_74' title='bbox 570 2742 598 2821; x_wconf 61' lang='lat' dir='ltr'>S</span> <span class='ocrx_word' id='word_1_75' title='bbox 633 2743 688 2807; x_wconf 93' lang='grc'>1.</span> <span class='ocrx_word' id='word_1_76' title='bbox 718 2779 808 2790; x_wconf 89' lang='grc'><strong>-</strong></span> <span class='ocrx_word' id='word_1_77' title='bbox 836 2741 1043 2821; x_wconf 73' lang='lat' dir='ltr'>Copia</span> <span class='ocrx_word' id='word_1_78' title='bbox 1074 2740 1448 2805; x_wconf 74' lang='lat' dir='ltr'>incolarum</span> <span class='ocrx_word' id='word_1_79' title='bbox 1481 2743 1555 2803; x_wconf 78' lang='lat' dir='ltr'>in</span> <span class='ocrx_word' id='word_1_80' title='bbox 1587 2740 1874 2820; x_wconf 73' lang='lat' dir='ltr'>singyulis</span> <span class='ocrx_word' id='word_1_81' title='bbox 1907 2741 2271 2819; x_wconf 76' lang='lat' dir='ltr'>provinciis</span> <span class='ocrx_word' id='word_1_82' title='bbox 2306 2750 2735 2819; x_wconf 78' lang='lat' dir='ltr'>computatur</span> 
     </span>
    </p>
   </div>
   <div class='ocr_carea' id='block_1_6' title="bbox 387 2918 2936 4271">
    <p class='ocr_par' dir='ltr' id='par_1_7' title="bbox 392 2918 2936 3318">
     <span class='ocr_line' id='line_1_14' title="bbox 482 2918 2932 3000; baseline 0.001 -17"><span class='ocrx_word' id='word_1_83' title='bbox 482 2918 697 3000; x_wconf 85' lang='lat' dir='ltr'>Copia</span> <span class='ocrx_word' id='word_1_84' title='bbox 740 2919 1113 2984; x_wconf 85' lang='lat' dir='ltr'>incolarum</span> <span class='ocrx_word' id='word_1_85' title='bbox 1159 2919 1457 2999; x_wconf 86' lang='lat' dir='ltr'>primum</span> <span class='ocrx_word' id='word_1_86' title='bbox 1504 2919 1575 2982; x_wconf 91' lang='lat' dir='ltr'>in</span> <span class='ocrx_word' id='word_1_87' title='bbox 1621 2919 1908 2997; x_wconf 88' lang='lat' dir='ltr'>singulis</span> <span class='ocrx_word' id='word_1_88' title='bbox 1953 2920 2320 2999; x_wconf 81' lang='lat' dir='ltr'>provinciis</span> <span class='ocrx_word' id='word_1_89' title='bbox 2367 2926 2757 3000; x_wconf 83' lang='lat' dir='ltr'>computata</span> <span class='ocrx_word' id='word_1_90' title='bbox 2799 2926 2932 2997; x_wconf 56' lang='grc' dir='ltr'>θείς</span> 
     </span>
     <span class='ocr_line' id='line_1_15' title="bbox 393 3025 2936 3105; baseline 0.001 -17"><span class='ocrx_word' id='word_1_91' title='bbox 393 3027 734 3105; x_wconf 84' lang='lat' dir='ltr'>etiamque</span> <span class='ocrx_word' id='word_1_92' title='bbox 789 3048 865 3088; x_wconf 87' lang='lat' dir='ltr'>ea</span> <span class='ocrx_word' id='word_1_93' title='bbox 920 3031 1083 3100; x_wconf 63' lang='lat' dir='ltr'>aute,</span> <span class='ocrx_word' id='word_1_94' title='bbox 1140 3025 1447 3104; x_wconf 81' lang='lat' dir='ltr'>quamvis</span> <span class='ocrx_word' id='word_1_95' title='bbox 1502 3025 1978 3103; x_wconf 81' lang='lat' dir='ltr'>vetustissima,</span> <span class='ocrx_word' id='word_1_96' title='bbox 2036 3031 2325 3088; x_wconf 87' lang='lat' dir='ltr'>utuntur</span> <span class='ocrx_word' id='word_1_97' title='bbox 2381 3028 2716 3103; x_wconf 86' lang='lat' dir='ltr'>statistici,</span> <span class='ocrx_word' id='word_1_98' title='bbox 2775 3026 2936 3091; x_wconf 87' lang='lat' dir='ltr'>dum</span> 
     </span>
     <span class='ocr_line' id='line_1_16' title="bbox 392 3130 2934 3211; baseline 0.001 -16"><span class='ocrx_word' id='word_1_99' title='bbox 392 3131 750 3195; x_wconf 80' lang='lat' dir='ltr'>breviariis</span> <span class='ocrx_word' id='word_1_100' title='bbox 791 3140 983 3211; x_wconf 68' lang='lat' dir='ltr'>quae,</span> <span class='ocrx_word' id='word_1_101' title='bbox 1025 3131 1333 3195; x_wconf 86' lang='lat' dir='ltr'>censibus</span> <span class='ocrx_word' id='word_1_102' title='bbox 1374 3130 1644 3206; x_wconf 79' lang='lat' dir='ltr'>habitis,</span> <span class='ocrx_word' id='word_1_103' title='bbox 1688 3130 1982 3195; x_wconf 88' lang='lat' dir='ltr'>eduntur</span> <span class='ocrx_word' id='word_1_104' title='bbox 2024 3154 2282 3210; x_wconf 84' lang='lat' dir='ltr'>semper</span> <span class='ocrx_word' id='word_1_105' title='bbox 2322 3134 2630 3196; x_wconf 87' lang='lat' dir='ltr'>inserunt</span> <span class='ocrx_word' id='word_1_106' title='bbox 2667 3133 2934 3198; x_wconf 86' lang='lat' dir='ltr'>tabulas</span> 
     </span>
     <span class='ocr_line' id='line_1_17' title="bbox 396 3237 2844 3318; baseline 0 -15"><span class='ocrx_word' id='word_1_107' title='bbox 396 3237 879 3318; x_wconf 78' lang='lat' dir='ltr'>geographicas</span> <span class='ocrx_word' id='word_1_108' title='bbox 913 3237 1157 3316; x_wconf 84' lang='lat' dir='ltr'>quibus</span> <span class='ocrx_word' id='word_1_109' title='bbox 1192 3238 1382 3316; x_wconf 87' lang='lat' dir='ltr'>copia</span> <span class='ocrx_word' id='word_1_110' title='bbox 1417 3238 1790 3301; x_wconf 86' lang='lat' dir='ltr'>incolarum</span> <span class='ocrx_word' id='word_1_111' title='bbox 1828 3240 1899 3301; x_wconf 90' lang='lat' dir='ltr'>in</span> <span class='ocrx_word' id='word_1_112' title='bbox 1930 3238 2300 3316; x_wconf 83' lang='lat' dir='ltr'>provinciis</span> <span class='ocrx_word' id='word_1_113' title='bbox 2333 3238 2844 3304; x_wconf 86' lang='lat' dir='ltr'>demonstratur.</span> 
     </span>
    </p>

    <p class='ocr_par' dir='ltr' id='par_1_8' title="bbox 387 3342 2935 4271">
     <span class='ocr_line' id='line_1_18' title="bbox 485 3342 2932 3425; baseline 0.001 -18"><span class='ocrx_word' id='word_1_114' title='bbox 485 3343 703 3417; x_wconf 86' lang='lat' dir='ltr'>Quam</span> <span class='ocrx_word' id='word_1_115' title='bbox 750 3366 990 3422; x_wconf 85' lang='lat' dir='ltr'>parum</span> <span class='ocrx_word' id='word_1_116' title='bbox 1037 3345 1166 3407; x_wconf 83' lang='lat' dir='ltr'>ista</span> <span class='ocrx_word' id='word_1_117' title='bbox 1210 3342 1563 3407; x_wconf 85' lang='lat' dir='ltr'>methodus</span> <span class='ocrx_word' id='word_1_118' title='bbox 1610 3349 1941 3422; x_wconf 78' lang='lat' dir='ltr'>congruat</span> <span class='ocrx_word' id='word_1_119' title='bbox 1984 3366 2137 3407; x_wconf 91' lang='lat' dir='ltr'>cum</span> <span class='ocrx_word' id='word_1_120' title='bbox 2183 3366 2345 3408; x_wconf 81' lang='lat' dir='ltr'>vera</span> <span class='ocrx_word' id='word_1_121' title='bbox 2387 3344 2612 3410; x_wconf 89' lang='lat' dir='ltr'>indole</span> <span class='ocrx_word' id='word_1_122' title='bbox 2657 3369 2932 3425; x_wconf 86' lang='lat' dir='ltr'>geogra-</span> 
     </span>
     <span class='ocr_line' id='line_1_19' title="bbox 392 3434 2928 3531; baseline 0.001 -18"><span class='ocrx_word' id='word_1_123' title='bbox 392 3450 684 3530; x_wconf 90' lang='lat' dir='ltr'>phorum</span> <span class='ocrx_word' id='word_1_124' title='bbox 718 3451 834 3512; x_wconf 77' lang='lat' dir='ltr'>vix</span> <span class='ocrx_word' id='word_1_125' title='bbox 868 3450 1151 3529; x_wconf 87' lang='lat' dir='ltr'>probare</span> <span class='ocrx_word' id='word_1_126' title='bbox 1186 3472 1449 3513; x_wconf 90' lang='lat' dir='ltr'>necesse</span> <span class='ocrx_word' id='word_1_127' title='bbox 1486 3456 1603 3513; x_wconf 89' lang='lat' dir='ltr'>est.</span> <span class='ocrx_word' id='word_1_128' title='bbox 1638 3434 2010 3512; x_wconf 36' lang='lat' dir='ltr'>&#39;Rarissime</span> <span class='ocrx_word' id='word_1_129' title='bbox 2047 3451 2229 3513; x_wconf 88' lang='lat' dir='ltr'>enim</span> <span class='ocrx_word' id='word_1_130' title='bbox 2265 3453 2542 3514; x_wconf 86' lang='lat' dir='ltr'>termini</span> <span class='ocrx_word' id='word_1_131' title='bbox 2579 3453 2928 3531; x_wconf 89' lang='lat' dir='ltr'>regionum</span> 
     </span>
     <span class='ocr_line' id='line_1_20' title="bbox 391 3554 2935 3636; baseline 0 -17"><span class='ocrx_word' id='word_1_132' title='bbox 391 3579 475 3619; x_wconf 82' lang='lat' dir='ltr'>ex</span> <span class='ocrx_word' id='word_1_133' title='bbox 517 3561 713 3636; x_wconf 89' lang='lat' dir='ltr'>pacto</span> <span class='ocrx_word' id='word_1_134' title='bbox 754 3556 1102 3619; x_wconf 83' lang='lat' dir='ltr'>finitarum</span> <span class='ocrx_word' id='word_1_135' title='bbox 1147 3562 1307 3620; x_wconf 88' lang='lat' dir='ltr'>sunt</span> <span class='ocrx_word' id='word_1_136' title='bbox 1347 3554 1552 3618; x_wconf 88' lang='lat' dir='ltr'>iidem</span> <span class='ocrx_word' id='word_1_137' title='bbox 1597 3578 1672 3617; x_wconf 87' lang='lat' dir='ltr'>ac</span> <span class='ocrx_word' id='word_1_138' title='bbox 1715 3556 1990 3619; x_wconf 80' lang='lat' dir='ltr'>termini</span> <span class='ocrx_word' id='word_1_139' title='bbox 2036 3554 2358 3630; x_wconf 83' lang='lat' dir='ltr'>aliarum3</span> <span class='ocrx_word' id='word_1_140' title='bbox 2407 3558 2478 3618; x_wconf 91' lang='lat' dir='ltr'>in</span> <span class='ocrx_word' id='word_1_141' title='bbox 2523 3579 2660 3620; x_wconf 83' lang='lat' dir='ltr'>una</span> <span class='ocrx_word' id='word_1_142' title='bbox 2703 3564 2935 3621; x_wconf 83' lang='lat' dir='ltr'>contra</span> 
     </span>
     <span class='ocr_line' id='line_1_21' title="bbox 392 3662 2930 3742; baseline 0.001 -17"><span class='ocrx_word' id='word_1_143' title='bbox 392 3663 745 3742; x_wconf 84' lang='lat' dir='ltr'>provincia</span> <span class='ocrx_word' id='word_1_144' title='bbox 789 3663 1047 3726; x_wconf 84' lang='lat' dir='ltr'>variam</span> <span class='ocrx_word' id='word_1_145' title='bbox 1096 3668 1163 3727; x_wconf 89' lang='lat' dir='ltr'>et</span> <span class='ocrx_word' id='word_1_146' title='bbox 1210 3662 1333 3726; x_wconf 89' lang='lat' dir='ltr'>soli</span> <span class='ocrx_word' id='word_1_147' title='bbox 1383 3668 1448 3725; x_wconf 89' lang='lat' dir='ltr'>et</span> <span class='ocrx_word' id='word_1_148' title='bbox 1495 3662 1845 3725; x_wconf 86' lang='lat' dir='ltr'>climatum</span> <span class='ocrx_word' id='word_1_149' title='bbox 1897 3669 1961 3726; x_wconf 88' lang='lat' dir='ltr'>et</span> <span class='ocrx_word' id='word_1_150' title='bbox 2013 3662 2442 3740; x_wconf 84' lang='lat' dir='ltr'>gignentium</span> <span class='ocrx_word' id='word_1_151' title='bbox 2491 3668 2806 3726; x_wconf 88' lang='lat' dir='ltr'>naturam</span> <span class='ocrx_word' id='word_1_152' title='bbox 2858 3665 2930 3727; x_wconf 88' lang='lat' dir='ltr'>in</span> 
     </span>
     <span class='ocr_line' id='line_1_22' title="bbox 393 3766 2931 3848; baseline 0.001 -17"><span class='ocrx_word' id='word_1_153' title='bbox 393 3768 675 3833; x_wconf 82' lang='lat' dir='ltr'>diversis</span> <span class='ocrx_word' id='word_1_154' title='bbox 713 3768 878 3833; x_wconf 89' lang='lat' dir='ltr'>locis</span> <span class='ocrx_word' id='word_1_155' title='bbox 915 3789 1107 3847; x_wconf 84' lang='lat' dir='ltr'>saepe</span> <span class='ocrx_word' id='word_1_156' title='bbox 1148 3768 1485 3844; x_wconf 78' lang='lat' dir='ltr'>invenies3</span> <span class='ocrx_word' id='word_1_157' title='bbox 1526 3789 1657 3848; x_wconf 89' lang='lat' dir='ltr'>quo</span> <span class='ocrx_word' id='word_1_158' title='bbox 1696 3766 1775 3831; x_wconf 90' lang='lat' dir='ltr'>fit</span> <span class='ocrx_word' id='word_1_159' title='bbox 1812 3773 1891 3831; x_wconf 91' lang='lat' dir='ltr'>ut</span> <span class='ocrx_word' id='word_1_160' title='bbox 1930 3767 2137 3831; x_wconf 89' lang='lat' dir='ltr'>simul</span> <span class='ocrx_word' id='word_1_161' title='bbox 2173 3767 2378 3831; x_wconf 86' lang='lat' dir='ltr'>variis</span> <span class='ocrx_word' id='word_1_162' title='bbox 2418 3766 2631 3832; x_wconf 87' lang='lat' dir='ltr'>modis</span> <span class='ocrx_word' id='word_1_163' title='bbox 2674 3769 2931 3833; x_wconf 83' lang='lat' dir='ltr'>incolae</span> 
     </span>
     <span class='ocr_line' id='line_1_23' title="bbox 391 3872 2928 3952; baseline 0.001 -14"><span class='ocrx_word' id='word_1_164' title='bbox 391 3874 908 3944; x_wconf 76' lang='lat' dir='ltr'>distribuantur.</span> <span class='ocrx_word' id='word_1_165' title='bbox 956 3875 1191 3939; x_wconf 84' lang='lat' dir='ltr'>Totam</span> <span class='ocrx_word' id='word_1_166' title='bbox 1237 3875 1452 3952; x_wconf 85' lang='lat' dir='ltr'>igitur</span> <span class='ocrx_word' id='word_1_167' title='bbox 1490 3873 1880 3952; x_wconf 82' lang='lat' dir='ltr'>provinciae</span> <span class='ocrx_word' id='word_1_168' title='bbox 1921 3896 2144 3937; x_wconf 84' lang='lat' dir='ltr'>aream</span> <span class='ocrx_word' id='word_1_169' title='bbox 2191 3872 2354 3937; x_wconf 87' lang='lat' dir='ltr'>dum</span> <span class='ocrx_word' id='word_1_170' title='bbox 2419 3874 2648 3939; x_wconf 85' lang='lat' dir='ltr'>eodem</span> <span class='ocrx_word' id='word_1_171' title='bbox 2713 3877 2928 3941; x_wconf 86' lang='lat' dir='ltr'>colore</span> 
     </span>
     <span class='ocr_line' id='line_1_24' title="bbox 389 3979 2932 4061; baseline 0.001 -17"><span class='ocrx_word' id='word_1_172' title='bbox 389 3979 773 4057; x_wconf 75' lang='lat' dir='ltr'>adumbraS,</span> <span class='ocrx_word' id='word_1_173' title='bbox 811 3979 1175 4061; x_wconf 87' lang='lat' dir='ltr'>subjicitur</span> <span class='ocrx_word' id='word_1_174' title='bbox 1210 3980 1420 4044; x_wconf 89' lang='lat' dir='ltr'>oculis</span> <span class='ocrx_word' id='word_1_175' title='bbox 1457 4001 1612 4043; x_wconf 84' lang='lat' dir='ltr'>area</span> <span class='ocrx_word' id='word_1_176' title='bbox 1646 4002 1784 4044; x_wconf 90' lang='lat' dir='ltr'>non</span> <span class='ocrx_word' id='word_1_177' title='bbox 1818 4002 2192 4059; x_wconf 86' lang='lat' dir='ltr'>congruens</span> <span class='ocrx_word' id='word_1_178' title='bbox 2230 4002 2383 4043; x_wconf 88' lang='lat' dir='ltr'>cum</span> <span class='ocrx_word' id='word_1_179' title='bbox 2422 4003 2647 4045; x_wconf 88' lang='lat' dir='ltr'>rerum</span> <span class='ocrx_word' id='word_1_180' title='bbox 2685 3987 2932 4045; x_wconf 86' lang='lat' dir='ltr'>natura</span> 
     </span>
     <span class='ocr_line' id='line_1_25' title="bbox 389 4085 2926 4164; baseline 0 -13"><span class='ocrx_word' id='word_1_181' title='bbox 389 4094 459 4151; x_wconf 88' lang='lat' dir='ltr'>et</span> <span class='ocrx_word' id='word_1_182' title='bbox 490 4085 878 4151; x_wconf 84' lang='lat' dir='ltr'>distributio</span> <span class='ocrx_word' id='word_1_183' title='bbox 906 4085 1368 4151; x_wconf 85' lang='lat' dir='ltr'>multitudinis</span> <span class='ocrx_word' id='word_1_184' title='bbox 1400 4087 1624 4149; x_wconf 90' lang='lat' dir='ltr'>minus</span> <span class='ocrx_word' id='word_1_185' title='bbox 1657 4087 1863 4150; x_wconf 82' lang='lat' dir='ltr'>etiam</span> <span class='ocrx_word' id='word_1_186' title='bbox 1892 4087 2165 4150; x_wconf 77' lang='lat' dir='ltr'>veritati</span> <span class='ocrx_word' id='word_1_187' title='bbox 2199 4085 2730 4164; x_wconf 84' lang='lat' dir='ltr'>accommodata3</span> <span class='ocrx_word' id='word_1_188' title='bbox 2766 4087 2926 4152; x_wconf 90' lang='lat' dir='ltr'>dum</span> 
     </span>
     <span class='ocr_line' id='line_1_26' title="bbox 387 4192 2928 4271; baseline 0 -14"><span class='ocrx_word' id='word_1_189' title='bbox 387 4194 533 4257; x_wconf 88' lang='lat' dir='ltr'>loca</span> <span class='ocrx_word' id='word_1_190' title='bbox 578 4192 697 4256; x_wconf 91' lang='lat' dir='ltr'>ubi</span> <span class='ocrx_word' id='word_1_191' title='bbox 747 4216 978 4257; x_wconf 77' lang='lat' dir='ltr'>revera</span> <span class='ocrx_word' id='word_1_192' title='bbox 1024 4192 1328 4257; x_wconf 88' lang='lat' dir='ltr'>homines</span> <span class='ocrx_word' id='word_1_193' title='bbox 1378 4192 1730 4271; x_wconf 89' lang='lat' dir='ltr'>glomerati</span> <span class='ocrx_word' id='word_1_194' title='bbox 1780 4199 1938 4255; x_wconf 89' lang='lat' dir='ltr'>sunt</span> <span class='ocrx_word' id='word_1_195' title='bbox 1987 4193 2160 4256; x_wconf 83' lang='lat' dir='ltr'>falso</span> <span class='ocrx_word' id='word_1_196' title='bbox 2207 4192 2640 4270; x_wconf 57' lang='lat' dir='ltr'>demonstrem,</span> <span class='ocrx_word' id='word_1_197' title='bbox 2692 4217 2928 4258; x_wconf 86' lang='lat' dir='ltr'>causae</span> 
     </span>
    </p>
   </div>
   <div class='ocr_carea' id='block_1_7' title="bbox 384 4300 2754 4486">
    <p class='ocr_par' dir='ltr' id='par_1_9' title="bbox 384 4300 2754 4486">
     <span class='ocr_line' id='line_1_27' title="bbox 384 4300 1838 4382; baseline -0.001 -17"><span class='ocrx_word' id='word_1_198' title='bbox 384 4300 1011 4382; x_wconf 81' lang='lat' dir='ltr'>phaenomenorum</span> <span class='ocrx_word' id='word_1_199' title='bbox 1042 4301 1335 4381; x_wconf 86' lang='lat' dir='ltr'>perspici</span> <span class='ocrx_word' id='word_1_200' title='bbox 1370 4322 1506 4365; x_wconf 88' lang='lat' dir='ltr'>non</span> <span class='ocrx_word' id='word_1_201' title='bbox 1540 4306 1838 4379; x_wconf 90' lang='lat' dir='ltr'>possunt.</span> 
     </span>
     <span class='ocr_line' id='line_1_28' title="bbox 474 4405 2754 4486; baseline -0.001 -14"><span class='ocrx_word' id='word_1_202' title='bbox 474 4406 843 4472; x_wconf 67' lang='lat' dir='ltr'>Videamus</span> <span class='ocrx_word' id='word_1_203' title='bbox 877 4414 1106 4471; x_wconf 87' lang='lat' dir='ltr'>tamen</span> <span class='ocrx_word' id='word_1_204' title='bbox 1145 4405 1475 4486; x_wconf 85' lang='lat' dir='ltr'>quomodo</span> <span class='ocrx_word' id='word_1_205' title='bbox 1514 4407 1640 4469; x_wconf 83' lang='lat' dir='ltr'>ista</span> <span class='ocrx_word' id='word_1_206' title='bbox 1678 4405 2032 4470; x_wconf 89' lang='lat' dir='ltr'>methodus</span> <span class='ocrx_word' id='word_1_207' title='bbox 2070 4407 2294 4470; x_wconf 82' lang='lat' dir='ltr'>minus</span> <span class='ocrx_word' id='word_1_208' title='bbox 2331 4429 2536 4486; x_wconf 74' lang='lat' dir='ltr'>prava</span> <span class='ocrx_word' id='word_1_209' title='bbox 2578 4408 2697 4471; x_wconf 78' lang='lat' dir='ltr'>fiat</span> <span class='ocrx_word' id='word_1_210' title='bbox 2742 4431 2754 4469; x_wconf 91' lang='lat'>:</span> 
     </span>
    </p>
   </div>
   <div class='ocr_carea' id='block_1_8' title="bbox 377 4538 2925 4944">
    <p class='ocr_par' dir='ltr' id='par_1_10' title="bbox 377 4538 2925 4944">
     <span class='ocr_line' id='line_1_29' title="bbox 474 4538 2925 4620; baseline 0 -16"><span class='ocrx_word' id='word_1_211' title='bbox 474 4543 538 4605; x_wconf 84' lang='grc' dir='ltr'>1Ο</span> <span class='ocrx_word' id='word_1_212' title='bbox 581 4541 683 4618; x_wconf 84' lang='lat' dir='ltr'>Eo</span> <span class='ocrx_word' id='word_1_213' title='bbox 724 4543 949 4604; x_wconf 88' lang='lat' dir='ltr'>minus</span> <span class='ocrx_word' id='word_1_214' title='bbox 991 4563 1199 4620; x_wconf 75' lang='lat' dir='ltr'>prava</span> <span class='ocrx_word' id='word_1_215' title='bbox 1242 4540 1387 4603; x_wconf 87' lang='lat' dir='ltr'>fieri</span> <span class='ocrx_word' id='word_1_216' title='bbox 1432 4538 1700 4603; x_wconf 77' lang='lat' dir='ltr'>videtur</span> <span class='ocrx_word' id='word_1_217' title='bbox 1740 4539 1996 4618; x_wconf 84' lang='lat' dir='ltr'>tabula,</span> <span class='ocrx_word' id='word_1_218' title='bbox 2042 4564 2175 4620; x_wconf 89' lang='lat' dir='ltr'>quo</span> <span class='ocrx_word' id='word_1_219' title='bbox 2218 4541 2441 4604; x_wconf 85' lang='lat' dir='ltr'>minor</span> <span class='ocrx_word' id='word_1_220' title='bbox 2484 4542 2570 4606; x_wconf 89' lang='lat' dir='ltr'>sit</span> <span class='ocrx_word' id='word_1_221' title='bbox 2615 4540 2925 4607; x_wconf 84' lang='lat' dir='ltr'>modulus</span> 
     </span>
     <span class='ocr_line' id='line_1_30' title="bbox 377 4646 2924 4727; baseline -0 -15"><span class='ocrx_word' id='word_1_222' title='bbox 377 4689 472 4699; x_wconf 89' lang='lat'>—</span> <span class='ocrx_word' id='word_1_223' title='bbox 502 4649 757 4713; x_wconf 72' lang='lat' dir='ltr'>Verum</span> <span class='ocrx_word' id='word_1_224' title='bbox 794 4649 849 4712; x_wconf 90' lang='lat' dir='ltr'>si</span> <span class='ocrx_word' id='word_1_225' title='bbox 883 4649 1088 4712; x_wconf 89' lang='lat' dir='ltr'>nimis</span> <span class='ocrx_word' id='word_1_226' title='bbox 1124 4670 1369 4727; x_wconf 74' lang='lat' dir='ltr'>parvus</span> <span class='ocrx_word' id='word_1_227' title='bbox 1405 4648 1552 4725; x_wconf 84' lang='lat' dir='ltr'>erit,</span> <span class='ocrx_word' id='word_1_228' title='bbox 1591 4646 1968 4710; x_wconf 86' lang='lat' dir='ltr'>carebimus</span> <span class='ocrx_word' id='word_1_229' title='bbox 2002 4647 2397 4713; x_wconf 85' lang='lat' dir='ltr'>fluminibus</span> <span class='ocrx_word' id='word_1_230' title='bbox 2435 4656 2500 4713; x_wconf 88' lang='lat' dir='ltr'>et</span> <span class='ocrx_word' id='word_1_231' title='bbox 2538 4647 2924 4712; x_wconf 90' lang='lat' dir='ltr'>nominibus</span> 
     </span>
     <span class='ocr_line' id='line_1_31' title="bbox 377 4752 2924 4837; baseline -0.001 -17"><span class='ocrx_word' id='word_1_232' title='bbox 377 4755 681 4833; x_wconf 86' lang='lat' dir='ltr'>urbium,</span> <span class='ocrx_word' id='word_1_233' title='bbox 722 4757 1019 4837; x_wconf 83' lang='lat' dir='ltr'>viisque3</span> <span class='ocrx_word' id='word_1_234' title='bbox 1066 4763 1144 4820; x_wconf 90' lang='lat' dir='ltr'>ut</span> <span class='ocrx_word' id='word_1_235' title='bbox 1187 4756 1266 4818; x_wconf 88' lang='lat' dir='ltr'>fit</span> <span class='ocrx_word' id='word_1_236' title='bbox 1307 4754 1380 4818; x_wconf 89' lang='lat' dir='ltr'>in</span> <span class='ocrx_word' id='word_1_237' title='bbox 1422 4753 1674 4817; x_wconf 85' lang='lat' dir='ltr'>tabulis</span> <span class='ocrx_word' id='word_1_238' title='bbox 1719 4776 1885 4833; x_wconf 88' lang='lat' dir='ltr'>quas</span> <span class='ocrx_word' id='word_1_239' title='bbox 1928 4755 2184 4818; x_wconf 87' lang='lat' dir='ltr'>stastici</span> <span class='ocrx_word' id='word_1_240' title='bbox 2229 4754 2584 4819; x_wconf 82' lang='lat' dir='ltr'>breviariis</span> <span class='ocrx_word' id='word_1_241' title='bbox 2628 4777 2797 4834; x_wconf 88' lang='lat' dir='ltr'>quae</span> <span class='ocrx_word' id='word_1_242' title='bbox 2844 4752 2924 4818; x_wconf 91' lang='lat' dir='ltr'>de</span> 
     </span>
     <span class='ocr_line' id='line_1_32' title="bbox 380 4858 2925 4944; baseline -0.002 -15"><span class='ocrx_word' id='word_1_243' title='bbox 380 4863 695 4929; x_wconf 82' lang='lat' dir='ltr'>censibus</span> <span class='ocrx_word' id='word_1_244' title='bbox 735 4863 1174 4944; x_wconf 87' lang='lat' dir='ltr'>publicantur</span> <span class='ocrx_word' id='word_1_245' title='bbox 1217 4858 1510 4941; x_wconf 86' lang='lat' dir='ltr'>adjicere</span> <span class='ocrx_word' id='word_1_246' title='bbox 1554 4865 2016 4935; x_wconf 81' lang='lat' dir='ltr'>consuescunt,</span> <span class='ocrx_word' id='word_1_247' title='bbox 2061 4860 2134 4923; x_wconf 89' lang='lat' dir='ltr'>in</span> <span class='ocrx_word' id='word_1_248' title='bbox 2177 4860 2422 4939; x_wconf 88' lang='lat' dir='ltr'>quibus</span> <span class='ocrx_word' id='word_1_249' title='bbox 2465 4865 2732 4923; x_wconf 84' lang='lat' dir='ltr'>tantum</span> <span class='ocrx_word' id='word_1_250' title='bbox 2776 4882 2925 4939; x_wconf 92' lang='lat' dir='ltr'>pro-</span> 
     </span>
    </p>
   </div>
  </div>
 </body>
</html>
