3720 5875
1471 602 1820 666 —19-

375 768 639 848 copiam
663 762 1269 829 demonstrandam.
1299 763 1571 826 Scilicet
1591 761 1983 825 methodum
2010 761 2328 827 adhibere
2352 769 2681 828 conantur
2706 765 2918 829 simil-

375 875 612 938 limam
660 895 775 936 eae
824 894 1025 951 quam
1074 869 1506 949 sequentibus
1553 869 1998 948 paragraphis
2047 868 2589 949 dijudicabimus,
2641 872 2918 948 Verum,

376 1003 534 1044 cum
594 979 926 1041 flexuosae
988 977 1206 1040 lineae
1269 974 1680 1039 adminiculo
1746 976 2119 1054 figurarum
2184 978 2742 1055 geometricarum
2808 976 2917 1041 de-

376 1087 664 1166 scriptae
725 1085 1025 1159 fuerunt,
1086 1082 1357 1146 tabulae
1421 1105 1495 1144 eo
1559 1081 1752 1145 modo
1816 1082 2169 1146 institutae
2235 1082 2658 1148 incommoda
2719 1107 2921 1164 supra

377 1193 731 1255 enuntiata
770 1213 904 1254 non
943 1191 1217 1252 omnino
1256 1191 1551 1268 effugere
1590 1195 1887 1268 possunt.

379 1547 409 1624 S
440 1546 498 1609 3.
531 1582 620 1591 —-—
646 1541 982 1607 Statisticz'
1014 1539 1340 1620 quomodo
1376 1538 1749 1603 incolarum
1784 1540 2046 1617 copiam
2078 1541 2152 1602 in
2183 1540 2357 1603 areis
2391 1541 2915 1620 circumscriptis

886 1647 1081 1710 lineis
1124 1645 1437 1709 flexuosis
1478 1645 1931 1708 demonstrare
1979 1648 2406 1709 tentaverint.

467 1866 766 1930 Multum
802 1866 885 1930 ad
922 1864 1438 1946 geographicam
1476 1871 1690 1927 artem
1727 1864 2160 1928 contulerunt
2193 1865 2244 1929 ii
2281 1866 2398 1945 qui
2436 1867 2698 1945 copiam
2735 1867 2915 1930 inco-

380 1973 602 2036 larum
673 1970 1126 2036 demonstrare
1194 1976 1632 2034 tenta-verunt
1701 1970 1775 2033 in
1844 1972 2017 2034 areis
2087 1992 2260 2049 quae
2330 1970 2645 2036 flexuosis
2718 1972 2916 2037 lineis

377 2079 925 2157 circumscriptae
975 2078 1130 2153 sint,
1180 2076 1342 2140 dum
1392 2076 1781 2139 desiverunt
1829 2075 2230 2140 adumbrare
2279 2100 2416 2141 uno
2466 2079 2682 2142 colore
2732 2102 2920 2142 areas

379 2208 467 2249 ex
495 2192 688 2265 pacto
721 2184 1260 2263 circumscriptas
1290 2184 1399 2247 vel
1429 2183 1826 2262 provincias

470 2290 896 2370 Principium
922 2312 1052 2369 quo
1075 2290 1320 2352 talium
1344 2289 1733 2352 tabularum
1762 2288 2309 2353 instruendarum
2335 2312 2442 2354 ars
2467 2291 2714 2354 nititur
2739 2289 2917 2354 idem

379 2405 481 2461 est
513 2418 589 2460 ac
622 2395 1006 2460 tabularum
1041 2395 1285 2475 quibus
1319 2395 1615 2459 locorum
1651 2393 2047 2459 altitudines
2078 2396 2189 2459 vel
2221 2396 2500 2460 climata.
2530 2397 2915 2475 significan-

378 2510 514 2579 tur,
542 2509 607 2566 et
630 2517 675 2565 aa·
696 2501 946 2565 tabulis
972 2499 1051 2564 de
1078 2500 1322 2581 quibus
1350 2523 1553 2579 supra
1576 2499 2014 2565 disseruimus
2038 2507 2180 2564 tam
2207 2501 2405 2581 longe
2434 2503 2658 2566 abesse
2683 2502 2916 2567 viden-

376 2616 512 2684 tur,
567 2631 769 2688 quam
821 2607 1116 2683 tabulae,
1173 2629 1342 2686 quae
1398 2608 1539 2670 loca
1596 2605 1882 2670 demissa
1938 2615 2005 2672 et
2057 2607 2302 2671 altiora,
2351 2608 2665 2672 flexuosis
2719 2610 2919 2672 lineis

380 2714 863 2790 demonstrant,
890 2713 1145 2777 distant
1167 2713 1250 2776 ab
1275 2715 1369 2777 eis
1393 2713 1666 2791 tabulis,
1694 2735 1858 2792 quas
1884 2713 2175 2777 formare
2201 2715 2411 2793 possis
2437 2713 2661 2778 media
2685 2716 2916 2780 altitu·

378 2820 538 2883 dine
585 2820 1086 2899 provinciarum
1136 2819 1242 2882 vel
1292 2820 1669 2898 figurarum
1715 2819 2274 2899 geometricarum
2326 2827 2731 2901 computata.
2787 2821 2920 2885 Ra-

376 2928 749 2992 tionalibus
786 2928 963 2990 enim
1004 2927 1249 2990 litteris
1286 2950 1457 3005 quae
1495 2926 1870 2989 incolarum
1909 2927 2169 3006 copiam
2209 2928 2599 3007 significant
2633 2935 2923 2993 utuntur

381 3057 519 3097 non
554 3035 753 3097 aliter
787 3056 987 3112 quam
1026 3034 1119 3096 eis
1157 3055 1329 3111 quae
1364 3033 1661 3096 locorum
1701 3031 2113 3096 altitudines,

471 3139 641 3203 Eam
675 3145 887 3203 artem
919 3139 1125 3217 primi
1163 3139 1569 3202 invenerunt
1602 3138 1935 3203 statistici.
1975 3138 2228 3203 Eorum
2265 3146 2491 3204 autem
2524 3162 2661 3204 non
2695 3143 2920 3205 minus

384 3269 588 3327 quam
635 3245 1169 3326 geographorum
1213 3266 1415 3324 opera
1459 3242 1768 3309 callidior
1811 3246 2050 3309 effecta
2095 3251 2214 3324 est,
2260 3236 2504 3310 verum
2541 3245 2921 3327 disparibus

384 3351 618 3417 modis,

476 3459 746 3524 Primus
798 3480 875 3520 ea
924 3480 1083 3521 usus
1134 3465 1231 3521 est
1284 3457 1583 3532 RavnuS,
1635 3456 1794 3519 dum
1848 3458 2109 3535 copiam
2165 3459 2540 3521 incolarum
2591 3461 2663 3521 in
2717 3482 2922 3539 regno

387 3564 646 3628 Daniae
682 3561 1050 3628 secundum
1086 3585 1320 3627 census
1357 3564 1550 3626 annis
1590 3561 1870 3626 1845-55
1906 3568 2085 3626 actos
2121 3562 2374 3626 tabulis
2411 3586 2610 3642 supra
2648 3563 2921 3628 modum

384 3668 797 3734 admirandis
825 3669 1329 3744 demonstravit,
1357 3666 1627 3732 modulo
1656 3666 1960 3732 adhibito
1992 3668 2024 3731 1
2064 3693 2076 3730 :
2110 3668 2453 3732 2.000.000
2482 3670 2523 3733 ¹.
2558 3669 2925 3735 Flexuosas

385 3777 598 3841 lineas
650 3777 1055 3856 geometrica
1106 3781 1247 3839 arte
1301 3774 1671 3854 descripsit,
1725 3775 1899 3839 sicut
1951 3774 2320 3839 clarissime
2371 3797 2453 3840 ex
2508 3777 2653 3856 ejus
2704 3776 2925 3840 verbis

384 3883 749 3965 perspicias
794 3907 807 3945 ε

476 4016 505 4051 α
554 3990 782 4054 Wenn
822 4011 981 4053 man
1022 3989 1166 4053 sich
1207 3988 1301 4052 im
1345 3988 1829 4068 Mittelpunkte
1871 3986 2059 4069 jeder
2101 3987 2317 4052 dieser
2356 3988 2542 4053 Teile
2584 3991 2738 4053 eine
2777 4012 2922 4054 sen-

386 4096 660 4161 krechte
699 4096 899 4159 Linie
937 4094 1390 4173 ausgerichtet
1428 4094 1651 4169 denkt‚
1691 4094 1896 4158 delen
1934 4094 2134 4158 Hohe
2170 4096 2632 4174 proportional
2671 4096 2760 4161 ist
2797 4097 2925 4160 mit

386 4201 510 4266 der
538 4201 971 4282 spezifischen
1002 4201 1474 4279 Bevolkerung
1504 4200 1617 4265 des
1648 4200 2107 4264 betreffenden
2139 4201 2387 4278 Theils,
2422 4225 2488 4266 so
2521 4201 2785 4265 werden
2818 4202 2925 4268 die

384 4308 797 4390 Endpunkte
840 4306 1056 4370 dieser
1094 4308 1341 4370 Linicn
1383 4308 1530 4370 eine
1575 4307 2094 4371 continuirliche
2138 4306 2446 4371 krumme
2489 4307 2740 4371 Flache
2782 4307 2926 4371 bes-

382 4417 693 4492 timmen,
719 4414 968 4478 welche
997 4414 1117 4478 auf
1142 4412 1257 4476 der
1284 4413 1494 4478 Karte
1521 4414 1696 4477 nach
1724 4412 1839 4478 der
1865 4414 1972 4476 bei
2001 4436 2292 4477 neueren
2317 4414 2928 4495 topographischen

386 4509 740 4586 Arbeiten*
791 4520 1360 4600 gebrauchlichen
1436 4518 1772 4595 Methode‚
1848 4518 2151 4583 namlich
2227 4519 2441 4585 durch
2516 4519 2929 4586 horizontale

387 4629 844 4711 &quidistante
878 4628 1143 4692 Curven
1176 4626 1567 4706 dargestellt
1598 4624 1786 4690 wird.
1822 4652 1852 4686 ι»

450 4807 496 4855 1.
537 4804 706 4854 ΒΑνΝ.
743 4804 992 4853 Stati-stile
1025 4802 1363 4853 Tabelvaerk
1394 4801 1616 4861 udaivet
1648 4802 1706 4864 at
1736 4801 1823 4850 det
1858 4800 2066 4850 Statist.
2103 4802 2231 4851 Bur.
2267 4801 2351 4861 Ny
2383 4801 2608 4862 Rectene,
2641 4800 2755 4861 XII,
2789 4801 2928 4851 1857.

383 4881 773 4941 Kjobenhavn.
