3720 5875
1854 629 2195 693 „26-

761 792 1239 870 NeukirchiuS,
1282 790 1672 856 Sandlerius
1713 796 1781 855 et
1819 789 2455 856 Kaesemacherusl.
2500 790 2730 872 Hujus
2767 798 2993 856 autem
3035 816 3302 874 operam

762 898 943 964 infra
980 897 1386 979 perpendere
1426 898 1620 962 nobis
1659 898 1884 978 potius
1923 897 2213 972 videtur,
2255 920 2409 963 cum
2447 896 2808 962 contendat
2848 898 3301 965 demonstrare

760 1005 926 1088 quid
984 1005 1071 1070 ad
1127 1028 1358 1070 causas
1413 1002 1917 1070 distribuendae
1973 1006 2439 1071 multitudinis
2497 1007 2936 1075 inveniendas
2996 1010 3298 1074 conferre

759 1114 971 1195 possit
1000 1120 1264 1177 crustae
1291 1113 1413 1178 soli
1444 1111 1907 1177 consideratiO.

852 1220 1039 1284 Illud
1062 1227 1287 1284 tamen
1310 1220 1449 1300 jam
1476 1219 1669 1284 nobis
1693 1218 2365 1283 animadvertendum
2400 1244 2413 1282 ε
2443 1220 2945 1296 Kaesemacher,
2973 1227 3049 1284 ut
3076 1220 3299 1295 ceteri,

764 1326 1046 1403 censuit,
1080 1325 1296 1390 lineas
1329 1325 1659 1391 flexuosas
1717 1332 1786 1391 et
1840 1326 2195 1391 continuas
2252 1324 2335 1390 ad
2390 1326 2660 1395 tabulas
2717 1327 2973 1406 majore
3029 1324 3300 1391 modulo

765 1432 1190 1498 instruendas
1222 1456 1463 1514 parum
1498 1431 1823 1514 prodesse.
1860 1434 2104 1513 Itaque
2138 1431 2455 1498 desinunt
2488 1456 2686 1498 zonas
2720 1431 3079 1509 delineare,
3113 1439 3191 1497 ut
3223 1433 3302 1498 fit

766 1542 837 1605 in
884 1539 1134 1605 tabulis
1181 1540 1425 1620 quibus
1472 1541 1772 1605 locorum
1817 1539 2214 1604 altitudines
2261 1540 2367 1604 vel
2417 1539 2694 1604 climata
2740 1539 3302 1616 demonstrantur,

762 1669 999 1711 verum
1037 1669 1225 1711 areas
1258 1647 1537 1712 variatis
1575 1648 1810 1712 formis
1847 1647 2192 1726 praebent,
2230 1652 2309 1711 ut
2346 1647 2423 1711 in
2457 1647 2710 1713 tabulis
2748 1647 2992 1727 quibus
3030 1647 3300 1726 provin-

765 1754 1022 1820 ciarum
1054 1752 1217 1818 fines
1252 1753 1715 1820 ostenduntur.
1755 1754 1884 1818 Sed
1920 1776 2105 1818 areas
2140 1777 2293 1818 cum
2327 1759 2569 1818 natura
2606 1775 2830 1817 rerum
2863 1758 3305 1833 congruentes

765 1865 1260 1940 repraesentare
1311 1867 1660 1937 conantur,
1714 1861 1813 1924 ita
1862 1865 1944 1925 ut
1995 1859 2066 1923 in
2117 1881 2537 1940 quacumque
2588 1882 2816 1923 earum
2869 1860 3306 1923 inveniantur

762 1990 901 2032 uno
937 1966 1298 2047 eodemque
1333 1967 1534 2032 modo
1564 1966 1914 2032 distributi
1953 1966 2227 2031 incolae.
2263 2005 2353 2038 -,--
2387 1967 2525 2031 Cur
2556 1988 2692 2031 non
2728 1966 2999 2046 longius
3036 1989 3304 2046 progre-

764 2072 1069 2150 diuntur,
1108 2073 1481 2138 incolarum
1522 2073 1783 2153 copiam
1825 2073 1898 2137 in
1937 2073 2325 2151 regionibus
2362 2073 2791 2137 naturalibus
2832 2071 3300 2152 computandO,

763 2179 1265 2260 omittendoque
1308 2179 1708 2259 provincias,
1752 2202 1945 2260 quae,
1989 2181 2113 2243 etsi
2158 2185 2317 2244 sunt
2359 2180 2665 2258 exiguae,
2709 2186 2939 2243 tamen
2983 2203 3064 2242 ex
3108 2185 3302 2259 pacto

765 2310 899 2351 non
932 2291 1176 2351 natura
1208 2287 1753 2368 circumscriptae
1782 2287 2086 2367 profecto
2116 2292 2275 2351 sunt
2294 2286 2325 2349 P

850 2393 952 2458 Ea
986 2393 1251 2474 objecta
1283 2416 1626 2458 occurrere
1659 2392 2041 2458 videbimus
2074 2392 2496 2457 examinanti
2531 2391 2798 2458 tabulas
2834 2415 2873 2458 a
2910 2392 3302 2473 Sprecherio

763 2508 827 2564 et
869 2500 1284 2565 Neukirchio
1322 2500 1822 2568 accuratissime
1865 2501 2244 2564 instructas.
2291 2498 2510 2563 Ambo
2551 2507 2853 2564 auctores
2894 2522 3032 2564 non
3072 2499 3299 2564 eadem

766 2605 1078 2672 methodo
1124 2613 1433 2684 utuntur,
1481 2629 1701 2688 neque
1750 2608 2088 2672 similibus
2136 2607 2337 2672 rebus
2383 2628 2652 2686 operam
2704 2605 3052 2673 dederunt.
3104 2605 3298 2686 Spre-

764 2715 1028 2778 cherius
1071 2736 1298 2792 omnes
1340 2714 1643 2793 regiones
1685 2715 1884 2793 juxta
1924 2712 2174 2778 flumen
2218 2713 2540 2778 Rhenum
2582 2718 2915 2778 scrutatus
2960 2719 3078 2790 est,
3121 2713 3302 2776 Neu-

764 2818 1063 2883 kirchius
1109 2825 1336 2883 autem
1380 2825 1645 2898 partem
1684 2824 1956 2883 tantum
2001 2819 2417 2899 Vogesorum
2463 2821 2798 2886 montium
2845 2819 2929 2885 ad
2975 2819 3299 2885 orientem

765 2930 1197 3006 spectantem.

852 3031 1285 3112 Sprecherius
1315 3038 1527 3097 artem
1559 3032 1892 3112 quaesivit
1923 3031 2006 3097 ad
2036 3032 2519 3098 ostendendum
2553 3032 2885 3113 quomodo
2914 3033 3301 3100 distributio

764 3137 1230 3203 multitudinis
1252 3161 1335 3203 ex
1359 3139 1686 3219 peculiari
1715 3140 1838 3203 soli
1864 3145 2109 3204 natura
2135 3142 2520 3220 proveniat;
2550 3163 2698 3204 eam
2725 3147 2936 3207 autem
2967 3140 3300 3205 invenisse

763 3245 1069 3321 credidit,
1107 3245 1268 3310 dum
1305 3245 1389 3309 ad
1427 3251 1727 3326 tempora
1761 3245 2142 3325 regreditur
2177 3270 2330 3312 cum
2365 3269 2579 3326 neque
2615 3247 2868 3311 ferreae
2906 3248 3055 3311 viae
3093 3250 3301 3323 erant,

763 3374 978 3432 neque
1016 3351 1196 3416 fabri
1238 3352 1584 3432 permulti,
1624 3352 2169 3416 mechanicorum
2213 3352 2652 3417 artificiorum
2698 3376 2917 3427 causa,
2961 3353 3033 3416 in
3074 3352 3302 3417 eodem

762 3459 905 3523 loco
953 3459 1345 3539 congregari
1395 3458 1717 3535 solebant,
1767 3459 2024 3521 scilicet
2071 3482 2274 3538 prope
2324 3458 2407 3522 ad
2456 3482 2709 3522 annum
2758 3466 2907 3539 post
2957 3460 3297 3524 Christum

766 3570 1000 3628 natum
1027 3565 1387 3629 millesimo
1411 3566 1966 3641 octingentesimo
1989 3566 2324 3629 vicesimo.
2353 3566 2484 3641 Ita,
2510 3566 2792 3629 urbibus
2816 3568 3300 3645 praetermissis

762 3693 935 3751 quae
959 3671 1111 3750 plus
1140 3694 1342 3751 quam
1373 3671 1563 3735 5.000
1589 3671 2047 3734 habitantium
2077 3671 2350 3746 habent,
2382 3671 2726 3738 contendit
2756 3672 3298 3737 distribut-ionem

760 3780 1359 3859 repraesentavisse
1408 3779 1556 3858 ejus
1604 3784 1871 3842 tantum
1919 3777 2383 3842 multitudinis
2433 3802 2602 3858 quae
2654 3780 2775 3843 soli
2823 3785 3148 3860 tanquam
3199 3781 3296 3843 in-

759 3885 1051 3960 haereat,
1087 3892 1163 3949 ut
1199 3886 1294 3949 ait
1331 3913 1359 3945 ι
1405 3885 1511 3947 die
1552 3884 2076 3964 boden-stamme
2115 3882 2604 3965 Bevb'llccruny.
2647 3912 2677 3946 ιι

847 3990 1139 4055 Tabulas
1191 4013 1269 4055 eo
1319 3989 1514 4055 modo
1565 3992 1930 4056 instructas
1982 3993 2184 4056 multi
2236 4015 2372 4057 non
2427 3994 2766 4057 immerito
2815 3990 3295 4069 laudaverunt3

760 4097 1028 4161 veritati
1080 4098 1260 4160 enim
1311 4102 1376 4161 et
1424 4102 1704 4161 naturae
1754 4099 2029 4178 propius
2078 4096 2405 4162 accedunt
2455 4121 2656 4178 quam
2707 4103 2962 4162 ceterae
3014 4121 3239 4162 omnes
3282 4122 3296 4169 ;

759 4226 992 4267 verum
1021 4204 1105 4267 ab
1132 4205 1312 4267 omni
1341 4204 1854 4284 reprehensione
1882 4227 2016 4268 non
2043 4210 2230 4269 tutae
2260 4210 2434 4270 sunt.
2466 4206 2664 4282 Nam,
2695 4229 2846 4269 cum
2877 4203 3300 4285 geographus

821 4460 866 4509 1.
907 4460 969 4510 H.
1008 4460 1299 4509 Srnscnssn
1334 4473 1441 4509 vox
1475 4461 1750 4511 Bramme.
1788 4461 1884 4509 Die
1918 4459 2238 4519 vet-tenum:
2272 4459 2369 4509 dcr
2401 4459 2876 4521 bodensitindigen
2915 4458 3299 4521 Bevolkerung

758 4536 833 4584 im
885 4534 1249 4584 Rheinischen
1299 4535 1669 4583 Deutschlnnd
1721 4537 1793 4584 im
1843 4535 2006 4584 Jnhre
2055 4535 2192 4584 1820.
2245 4534 2386 4583 Diss.
2438 4534 2748 4592 Gottinflen.
2799 4534 2936 4583 1887.
2991 4535 3155 4583 Kar-te
3203 4535 3228 4583 1
3287 4547 3298 4582 t

754 4611 1025 4660 1.000.000.
1064 4638 1123 4644 -—
1162 4611 1221 4658 K.
1260 4609 1568 4658 Nurimum.
1609 4610 1834 4657 Studien
1875 4609 2011 4659 fiber
2046 4610 2131 4658 (110,
2169 4609 2618 4658 Dflrstcllbarkcit
2658 4610 2755 4658 ‹lc-r
2790 4609 3160 4665 Volksdichte,
3200 4609 3298 4658 mit

760 4684 1095 4733 pesonam-or·
1129 4683 1629 4732 Ruvksichunnlnne
1664 4685 1758 4731 nus
1790 4685 1914 4732 dem
1952 4683 2348 4732 Ellsiissischen
2386 4683 2654 4741 Wasgau.
2693 4684 2831 4733 Diss.
2871 4682 3135 4742 Freiburg
3169 4683 3202 4732 i.
3240 4682 3296 4732 Β.

760 4759 896 4809 1897.
926 4786 988 4794 -
1015 4759 1140 4808 Chr.
1173 4758 1445 4807 Smmffin.
1480 4758 1866 4807 Vcilkckarlen.
1903 4758 2105 4807 Karsten
2137 4757 2271 4806 Uber
2300 4758 2386 4807 die
2419 4757 2737 4815 Verteilunfz
2768 4758 2865 4807 der
2896 4757 3298 4819 Bevfflkerung.

758 4834 1053 4889 Munehen,
1098 4833 1236 4882 1898.
1279 4861 1342 4867 —
1384 4832 1437 4882 C.
1488 4834 1909 4882 KArsrzMAcunn.
1959 4833 2054 4881 Dic
2098 4832 2451 4881 Volksdichle
2496 4831 2594 4881 ‹lcr
2634 4832 3074 4894 Thiiringischen
3118 4831 3300 4881 Triss-

758 4908 960 4959 mulde.
995 4908 1217 4958 Forsch.
1251 4922 1293 4958 z.
1329 4908 1388 4957 D.
1422 4906 1634 4957 Laudes
1669 4910 1778 4957 und
1814 4907 2190 4967 Volkslcunde,
2225 4906 2310 4967 VI,
2343 4906 2479 4956 1892.
