3720 5875
1518 541 1916 620 -15—'

512 720 606 784 Et
641 718 786 801 ipse
822 716 1227 797 Turquanus
1264 715 1465 796 plane
1504 715 1835 795 explicuit
1871 713 2078 794 hujus
2117 713 2439 793 principii
2478 714 2964 793 praestantiam

424 826 595 894 dum.
623 830 913 905 quatuor
943 820 1210 886 tabulas
1245 820 1727 903 geographicas
1761 821 1862 884 ita
1893 819 2240 896 instruxit,
2273 828 2352 882 ut
2387 820 2460 882 in
2494 841 2633 883 una
2665 819 2964 898 singula-

424 955 582 997 rum
605 930 1108 1013 provinciarum
1136 950 1306 1010 quae
1335 929 1407 991 in
1434 925 1959 991 Franco-Gallia
1988 952 2016 987 α
2055 923 2551 1004 departements
2579 952 2609 987 ι
2646 924 2969 989 dicuntur

426 1036 621 1116 copia
655 1034 1029 1099 incolarum
1065 1032 1579 1109 demonstretur,
1613 1033 1689 1095 in
1721 1031 1858 1095 alia
1891 1033 2241 1110 regionum
2277 1053 2448 1112 quae
2487 1059 2515 1094 α
2561 1031 2964 1096 arrondisse-

426 1146 649 1206 ments
677 1167 707 1202 ι
740 1139 1081 1216 dicuntur,
1107 1139 1180 1202 in
1207 1139 1346 1203 alia
1367 1160 1696 1219 pagorum
1723 1159 1895 1217 quae
1924 1164 1952 1199 α
1991 1143 2268 1202 cantons
2297 1164 2327 1199 ι
2362 1137 2702 1214 dicuntur,
2732 1139 2803 1202 in
2831 1137 2969 1202 alia

424 1247 702 1314 tandem
733 1247 1263 1326 municipiorum
1293 1243 1363 1308 id
1395 1251 1494 1308 est
1523 1245 1820 1308 locorum
1850 1250 2239 1308 vocatorum
2273 1269 2301 1303 α
2343 1266 2729 1311 communes
2764 1271 2792 1306 n
2835 1247 2879 1309 ¹.

517 1353 832 1434 Superest
885 1358 965 1416 ut
1019 1351 1149 1415 duo
1203 1351 1477 1431 planius
1532 1351 1984 1428 enuntiemus,
2042 1372 2214 1429 quae
2269 1349 2556 1414 forsitan
2615 1373 2750 1414 non
2808 1351 2969 1415 satis

427 1459 654 1524 lucide
715 1481 1027 1541 expressa
1087 1459 1240 1522 sint.
1306 1457 1497 1523 Licet
1559 1458 1739 1520 enim
1803 1456 2169 1536 provinciis
2232 1478 2436 1536 quam
2501 1458 2803 1522 minimis
2865 1459 2969 1522 uti

421 1564 733 1648 suadeas,
773 1561 1295 1642 intelligendum
1335 1569 1437 1627 est
1473 1585 1676 1643 quam
1714 1563 2019 1628 minimis
2059 1564 2117 1627 si
2156 1585 2387 1627 earum
2427 1562 2968 1643 magnitudinem

431 1696 586 1738 cum
632 1671 1021 1735 tabularum
1068 1668 1341 1734 modulo
1388 1670 1708 1733 conferas.
1761 1669 2020 1732 Tabula
2069 1668 2519 1749 geographica
2565 1692 2697 1748 qua
2747 1671 2973 1748 singu-

433 1779 653 1842 larum
735 1776 1260 1858 provinciarum,
1325 1799 1496 1856 quae
1582 1777 1653 1838 in
1720 1775 2248 1840 Franco-Gallia
2311 1803 2339 1838 α
2392 1775 2886 1856 departements
2933 1803 2961 1838 n

432 1885 774 1961 dicuntur,
822 1884 1011 1963 copia
1059 1882 1431 1946 incolarum
1479 1881 1991 1958 demonstretur,
2037 1888 2255 1961 potest
2303 1884 2551 1947 referre
2600 1884 2968 1963 imaginem

432 2014 567 2054 non
598 1991 824 2055 minus
852 2012 1081 2053 veram
1111 2011 1312 2067 quam
1342 1989 1580 2052 tabula
1606 2010 1935 2068 pagorum
1966 1987 2299 2052 dictorum
2334 2015 2362 2050 α
2404 1995 2681 2054 cantons
2717 2016 2774 2068 n,
2807 1987 2968 2053 dum

432 2097 504 2160 in
537 2119 676 2160 una
702 2096 915 2161 utaris
946 2098 1204 2158 minore
1236 2093 1527 2169 modu10,
1564 2095 1633 2156 in
1667 2093 1803 2157 alia
1834 2095 2107 2174 majore.

525 2201 784 2267 Deinde
831 2224 967 2266 non
1011 2223 1129 2265 nos
1174 2201 1359 2281 fugit
1402 2223 1484 2263 ex
1533 2223 1659 2264 usu
1707 2199 2146 2264 minimarum
2194 2202 2694 2281 provinciarum
2743 2202 2973 2282 aliqua

435 2307 862 2372 incommoda
904 2308 1273 2387 provenire.
1323 2306 1640 2387 Exempli
1689 2329 1892 2370 causa
1936 2308 2466 2375 commemorabo
2513 2307 2975 2372 habitantium

434 2436 796 2478 numerum
839 2436 1041 2493 supra
1079 2411 1354 2477 modum
1396 2413 1631 2492 augeri
1673 2413 1934 2492 quoties
1975 2414 2261 2492 majores
2300 2413 2499 2478 urbes
2542 2420 2976 2479 accreverunt

436 2520 514 2584 in
556 2520 848 2599 regione.
898 2518 1086 2593 Quae
1131 2517 1490 2583 difficultas
1536 2520 1883 2583 invenitur
1924 2519 2066 2584 sere
2112 2521 2186 2585 in
2229 2521 2540 2598 omnibus
2586 2521 2846 2585 artibus
2893 2520 2977 2585 ad

438 2624 1029 2700 demonstrandam
1122 2625 1496 2689 incolarum
1569 2625 1829 2704 copiam
1901 2627 2204 2701 usitatis;
2276 2627 2679 2705 permolesta
2749 2634 2976 2692 autem

437 2731 707 2796 videtur
743 2738 811 2797 et
844 2733 1065 2812 major
1099 2754 1305 2811 quam
1340 2733 1447 2795 cui
1485 2732 1813 2811 possimus
1852 2732 2188 2796 obsistere.

530 2838 958 2919 Propositum
1007 2846 1107 2903 est
1152 2836 1406 2902 incolas
1452 2837 1722 2903 urbium
1772 2839 2048 2902 omnino
2092 2840 2665 2918 praetermittere3
2714 2846 2796 2904 111
2838 2841 2980 2921 jam

440 2946 722 3010 Ravnus
761 2947 832 3009 in
866 2946 1118 3009 tabulis
1156 2945 1621 3025 geographicis
1660 2947 1931 3025 imperii
1969 2946 2228 3010 Daniae
2266 2947 2447 3011 fecit.
2491 2947 2985 3021 Quaerentibus

445 3059 675 3117 autem
714 3074 885 3132 quae
927 3052 1357 3133 congregatio
1398 3050 1751 3116 hominum
1793 3052 1953 3116 urbs
1991 3052 2293 3116 vocanda
2332 3054 2438 3129 sit,
2480 3076 2652 3117 nova
2695 3056 2986 3118 occurrit
3041 3130 3044 3131 γ

447 3158 769 3239 quaestio,
820 3158 921 3221 De
965 3157 1093 3220 hac
1136 3180 1209 3222 re
1253 3155 1553 3221 nondum
1600 3159 1933 3222 convenit.
1983 3159 2127 3222 Alii
2174 3181 2284 3223 eas
2331 3158 2569 3225 dieunt
2615 3183 2785 3240 quae
2832 3162 2984 3241 plus

444 3285 654 3345 quam
681 3270 828 3328 octo
853 3265 1071 3328 millia
1102 3264 1474 3328 incolarum
1502 3263 1830 3341 habeant3
1859 3265 1982 3328 alii
2009 3287 2118 3329 eas
2147 3288 2317 3344 quae
2345 3266 2501 3344 plus
2526 3289 2728 3346 quam
2758 3266 2983 3331 decem

447 3371 687 3434 millia.
714 3372 1105 3450 Opportune
1130 3369 1608 3435 animadvertit
1634 3369 1978 3448 BehmiuS,
2004 3392 2136 3449 quo
2161 3371 2382 3434 minor
2403 3374 2426 3411 ²
2458 3372 2577 3436 fiat
2601 3372 2992 3437 tabula-rum

447 3475 761 3541 modulus
795 3500 869 3540 90
900 3477 1246 3555 pauciores
1276 3476 1419 3539 fore
1454 3476 1725 3539 incolas,
1763 3476 1949 3539 Huic
1982 3475 2439 3557 adjiciendum
2476 3479 2667 3543 nobis
2698 3478 2988 3557 videtur,

452 3585 528 3647 in
566 3582 1034 3648 differentibus
1073 3582 1462 3662 regionibus
1524 3604 1658 3646 non
1720 3580 1949 3647 eodem
2012 3605 2293 3647 numero
2357 3584 2731 3648 incolarum
2790 3586 2990 3651 urbes

451 3690 675 3754 notari
709 3711 917 3770 posse.

540 3793 650 3859 Ad
681 3794 878 3861 urbes
908 3793 1502 3876 repraesentandae
1533 3800 1822 3859 utuntur
1852 3794 2157 3876 plerique
2192 3796 2484 3875 circulis,
2519 3821 2804 3878 quorum
2838 3821 2994 3864 area

454 3901 533 3963 in
562 3898 792 3964 eadem
823 3901 1252 3980 proportione
1285 3906 1383 3963 est
1415 3923 1618 3979 quam
1650 3899 1925 3965 urbium
1959 3902 2378 3982 magnitude,
2413 3906 2468 3969 si
2502 3904 2585 3968 ad
2619 3906 2990 3970 incolarum

454 4027 818 4070 numerum
847 4006 1184 4085 respiciaS.
1217 4006 1367 4073 Tali
1397 4010 1539 4073 arte
1570 4006 1919 4087 aliquanto
1949 4010 2173 4073 minus
2202 4033 2408 4089 prava
2439 4011 2516 4075 fit
2547 4012 2771 4091 imago
2797 4014 2993 4077 t'abu-

458 4111 701 4189 larum,
748 4133 918 4191 quae
964 4119 1290 4191 tanquam
1336 4111 1422 4175 ad
1488 4112 1688 4176 libita
1753 4112 2126 4194 descriptae
2190 4115 2510 4181 videntur
2575 4118 2994 4182 animadver-

454 4218 761 4282 tentibus
797 4218 1070 4282 urbium
1111 4219 1361 4283 incolas
1403 4220 1675 4289 omissos
1717 4242 1875 4297 esse,
1920 4223 2145 4301 itaque
2184 4224 2455 4287 tertiam
2496 4224 2603 4287 vel
2644 4223 2997 4289 dimidiam

458 4330 724 4405 partem
760 4324 1217 4389 habitantium
1256 4324 1577 4390 abolitam
1618 4349 1756 4391 esse
1794 4328 1866 4391 in
1903 4329 2292 4408 regionibus
2330 4331 2702 4412 oppidanis.

523 4563 570 4614 1.
607 4563 669 4613 V.
695 4564 975 4621 Tuncrum.
1004 4566 1111 4616 Su.¹
1141 4568 1190 4616 13
1217 4567 1426 4617 densite-
1451 4568 1516 4618 de
1545 4569 1597 4618 la
1622 4569 1948 4631 population
1973 4583 2043 4621 en
2070 4572 2294 4623 Franco.
2325 4573 2461 4624 Bull.
2490 4576 2556 4624 dc
2587 4576 2778 4637 Gaoqr.
2809 4576 2999 4627 histor.

461 4638 512 4686 ct
545 4638 890 4701 descriptiva
922 4640 1060 4700 1888,
1096 4653 1184 4702 pp.
1217 4641 1437 4691 eos-273.

523 4724 789 4850 zofBF'HM‘
823 4726 917 4777 Die
948 4727 1307 4791 Vertheilung
1336 4728 1433 4778 der
1461 4728 1761 4782 Menschen
1793 4732 1929 4783 fiber
1957 4734 2043 4785 dic
2074 4735 2215 4786 Erde
2247 4736 2356 4786 Pel.
2389 4738 2509 4788 Mitt
2542 4740 2797 4801 limana,
2831 4751 2898 4792 n0
2928 4744 3009 4801 35,

464 4811 517 4861 p.
595 4818 630 4851 1.
