3720 5875
2939 47 3134 202 ‘7

2967 205 2996 238 s

2875 241 2968 348 s

1596 588 1942 652 -39-..

502 752 637 817 lius
700 752 881 815 enim
946 751 1018 814 in
1080 749 1252 815 libro
1315 777 1345 811 ι
1416 747 2182 831 Anthropogeographie
2249 774 2279 810 ι
2357 747 2489 828 (ΙΙ,
2537 771 2603 829 p.
2668 745 2855 828 207),
2916 746 3043 813 hoc

504 856 875 924 illustravit
919 858 1152 923 tabula
1196 859 1662 939 geographica,
1710 855 2211 937 optandumque
2255 854 2526 920 videtur
2572 855 2749 920 idem
2794 855 3045 936 princi-

500 964 693 1044 pium
725 963 949 1028 studio
980 963 1267 1026 aliarum
1299 964 1655 1042 regionum
1685 963 2014 1028 adhiberi.

586 1071 841 1134 Verum
916 1069 1588 1134 animadvertendum
1663 1075 1782 1145 est,
1857 1069 2241 1133 Ratzelium
2307 1091 2536 1134 revera
2608 1068 2786 1133 nihil
2857 1068 3041 1133 aliud

502 1177 798 1241 effecisse
842 1200 1043 1256 quam
1088 1176 1254 1241 duas
1294 1177 1564 1246 tabulas
1607 1177 1784 1240 inter
1826 1199 1893 1240 se
1938 1176 2238 1240 conferre
2283 1199 2570 1257 quarum
2613 1199 2751 1240 una
2791 1175 2877 1240 ad
2920 1177 3043 1240 im-

499 1282 746 1360 brium,
772 1284 985 1348 altera
1007 1282 1092 1348 ad
1114 1282 1574 1348 habitantium
1602 1284 1864 1363 copiam
1888 1283 2204 1350 flexuosis
2228 1283 2429 1349 lineis
2457 1282 3042 1348 demonstrandam

502 1391 855 1455 institutae
894 1391 1050 1456 sint.

584 1497 679 1560 At
698 1519 782 1562 ne
804 1519 880 1562 eo
902 1496 1174 1579 quidem
1196 1496 1392 1562 modo
1412 1498 1825 1578 principium
1850 1498 2037 1577 sequi
2060 1499 2290 1577 possis,
2312 1497 2444 1561 nisi
2468 1497 2735 1562 tabulas
2755 1498 3040 1563 minimo

499 1605 771 1671 modulo
794 1605 1149 1671 describas,
1182 1603 1253 1669 Si
1283 1606 1508 1670 omnia
1537 1604 1947 1684 singillatim
1973 1610 2468 1684 repraesentare
2496 1604 2808 1683 volueris,
2843 1605 3040 1668 intel-

499 1712 701 1791 leges,
743 1716 821 1776 ut
859 1712 999 1792 ipse
1039 1711 1385 1777 Ratzelius
1426 1712 1802 1788 confitetur,
1843 1711 2150 1775 homines
2190 1712 2549 1790 glomerari
2589 1733 2725 1775 non
2766 1712 2838 1775 in
2881 1712 3042 1776 locis

499 1819 617 1882 ubi
678 1818 999 1882 imbrium
1059 1841 1308 1899 magna
1366 1819 1467 1883 vis
1523 1824 1856 1898 suppetat,
1919 1824 1988 1881 at
2048 1818 2272 1897 potius
2334 1818 2405 1881 in
2467 1818 2629 1883 locis
2690 1818 2808 1881 ubi
2870 1841 3043 1898 aqua

498 1925 807 2007 profluat,
847 1932 1124 2006 propter
1161 1927 1421 2005 copiam
1464 1926 1768 1989 amnium
1810 1932 1931 1990 aut
1968 1924 2283 1990 fontium.
2328 1924 2590 1990 Tabula
2629 1926 2845 2005 igitur
2884 1925 3037 1990 cho-

497 2034 897 2114 rographica
926 2034 1177 2113 majore
1206 2031 1477 2097 modulo
1507 2033 1714 2096 etiam
1743 2054 1925 2096 nunc
1954 2032 2247 2095 maxime
2277 2031 2459 2096 valet
2491 2033 2572 2097 ad
2606 2055 2747 2096 rem
2779 2055 3040 2112 reprae-

499 2138 913 2206 sentandam.

582 2246 775 2310 Licet
820 2269 1080 2326 quoque
1130 2245 1500 2310 incolarum
1547 2245 1805 2325 copiam
1856 2245 1929 2308 in
1980 2244 2364 2326 regionibus
2414 2250 2818 2323 computare,
2868 2268 3038 2325 quae

497 2376 633 2418 uno
665 2351 944 2417 flumine
983 2353 1373 2431 irrigantur,
1411 2351 1517 2415 vel
1556 2352 1639 2416 ad
1676 2374 1889 2416 unum
1928 2374 2109 2415 mare
2148 2352 2374 2417 omnia
2410 2351 2693 2417 flumina
2730 2353 3036 2428 mittunt,

496 2465 573 2523 ut
619 2459 963 2523 Marinelli
1012 2458 1085 2522 in
1134 2458 1357 2523 insula
1407 2457 1639 2522 Sicula
1682 2458 1847 2522 fecit
1875 2459 1919 2523 ¹.
1971 2459 2226 2524 Parum
2273 2459 2445 2524 utile
2493 2465 2718 2524 autem
2767 2458 3039 2524 videtur

497 2589 634 2630 esse
674 2567 801 2632 hoc
840 2565 1159 2630 studium.

583 2671 1006 2736 Commodius
1053 2673 1183 2735 erit
1228 2672 1573 2751 exquirere
1620 2670 2078 2736 condicionem
2125 2671 2420 2737 locorum
2469 2672 2683 2751 magis
2729 2672 3037 2737 minusve

494 2778 666 2841 mari
712 2779 1259 2858 propinquorum,
1309 2778 1662 2857 praecipue
1712 2778 1785 2841 in
1833 2777 2096 2855 insuliS‚
2144 2778 2249 2841 vel
2301 2780 2372 2842 in
2419 2779 2910 2857 promontoriis,
2960 2784 3038 2843 ut

494 2894 592 2952 est
631 2884 1039 2950 Aremorica.
1080 2883 1252 2949 Eam
1292 2884 1477 2949 viam
1514 2906 1710 2949 nemo
1751 2881 1972 2949 adhuc
2007 2885 2318 2950 tentavit.

579 2990 823 3056 Omnia
862 2992 1075 3071 igitur
1110 2990 1333 3055 studia
1371 3014 1543 3071 quae
1578 2996 1882 3071 spectant
1921 2991 2004 3056 ad
2042 2992 2413 3056 incolarum
2452 2993 2715 3073 copiam
2753 2993 2823 3057 in
2863 2994 3035 3059 areis

492 3105 733 3162 natura
763 3098 977 3162 finitis
1007 3096 1593 3162 demonstrandam
1622 3104 1980 3177 postquam
2015 3102 2448 3165 commentati
2483 3123 2732 3177 sumus,
2766 3099 3034 3165 deduci-

492 3227 644 3268 mur
683 3228 891 3285 prope
929 3203 1014 3268 ad
1055 3203 1356 3268 eamdem
1401 3205 1897 3270 conclusionem
1939 3227 2018 3268 ac
2056 3204 2265 3284 prius,
2309 3204 2469 3269 dum
2513 3205 3035 3281 inspiciebamus

494 3334 678 3376 areas
727 3333 809 3375 ex
856 3316 1053 3391 pacto
1101 3310 1660 3390 circumscriptas.
1713 3309 2038 3383 Quamvis
2086 3311 2411 3391 perutilia
2461 3320 2530 3377 et
2577 3310 2786 3378 doctis
2838 3314 3034 3378 rebus

494 3417 910 3482 abundantia
956 3416 1393 3497 praebuerint
1438 3420 1486 3482 ii
1538 3418 1657 3497 qui
1703 3422 2136 3481 tentaverunt
2183 3415 2657 3495 demonstrare,
2707 3419 3036 3499 quomodo

494 3525 669 3588 ratio
700 3522 1203 3587 distribuendae
1234 3521 1697 3587 multitudinis
1730 3521 2050 3602 penderet
2084 3546 2166 3588 ex
2202 3522 2681 3589 altitudinibus
2716 3526 3036 3603 locorum,

495 3631 603 3694 vel
635 3652 716 3694 ex
753 3629 1097 3709 geologica
1129 3630 1251 3694 soli
1287 3635 1550 3704 natura,
1584 3630 1694 3693 vel
1728 3652 1809 3693 ex
1847 3629 2002 3693 aliis
2035 3628 2644 3709 phaenomenibus3
2683 3632 3036 3697 fatendum

496 3742 596 3800 est
644 3742 818 3799 artes
864 3736 1148 3800 usitatas
1196 3758 1329 3799 non
1381 3736 1717 3799 absolutas
1766 3736 1943 3799 visas
1993 3758 2150 3803 esse.
2203 3736 2457 3801 Earum
2506 3738 2689 3801 enim
2739 3738 3034 3804 subsidio

496 3842 899 3923 investigare
959 3847 1026 3906 et
1080 3840 1535 3906 demonstrare
1593 3841 1803 3922 possis
1857 3864 2068 3907 unam
2125 3865 2412 3919 causam,
2469 3843 2749 3908 minime
2806 3867 3034 3910 omnes

495 3968 722 4011 causas
790 3946 1296 4012 distribuendae
1360 3946 1843 4023 multitudinis,
1916 3970 2130 4028 neque
2199 3950 2344 4029 ejus
2412 3971 2641 4014 veram
2703 3951 3033 4016 rationem

491 4058 741 4121 notare.

578 4157 770 4222 Adde
808 4158 983 4239 quod
1019 4158 1094 4222 in
1129 4181 1256 4224 usu
1296 4181 1524 4223 earum
1562 4160 1812 4224 artium
1849 4165 1952 4225 tot
1989 4166 2310 4241 tantaque
2351 4162 2772 4228 incommoda
2807 4187 3033 4229 occur-

494 4271 673 4342 runt,
699 4272 777 4329 ut
799 4264 1215 4345 principium
1242 4271 1472 4330 exacte
1500 4266 1687 4345 sequi
1713 4289 1848 4331 non
1873 4267 2240 4346 potuerint,
2266 4268 2397 4332 nisi
2427 4270 2475 4332 ii
2506 4269 2622 4346 qui
2650 4269 3035 4335 altitudinis

495 4373 823 4438 rationem
870 4377 1140 4437 tantum
1190 4373 1473 4438 scrutati
1521 4381 1696 4438 sunt.

557 4782 603 4832 1.
638 4782 701 4835 Ο.
735 4782 1067 4837 MAamsLm.
1102 4785 1181 4836 La
1214 4785 1607 4837 distribuzione
1640 4784 1968 4836 altimetrica
2002 4784 2147 4851 della
2181 4785 2542 4848 popolazione
2576 4786 2635 4836 in
2668 4784 2874 4839 Sicilia.
2910 4787 3031 4840 Riv.

494 4867 681 4920 aeoar.
714 4860 854 4923 Ital„
887 4860 926 4921 1,
957 4859 1096 4922 1893,
1126 4873 1218 4924 pp.
1252 4860 1472 4911 114-119.
