3720 5875
1897 602 2241 665 *12—

797 771 946 830 tum
981 764 1351 842 dilutiores‚
1388 765 1485 829 ita
1517 765 1589 829 in
1622 765 1862 828 seriem
1898 763 2213 841 ordinati,
2245 770 2325 828 ut
2356 763 2611 844 pallido
2644 765 2859 830 colore
2902 767 3164 844 (verum
3198 789 3352 831 non

797 872 985 951 albo)
1020 871 1245 936 media
1275 872 1646 936 incolarum
1681 872 1876 952 copia
1905 878 2460 951 repraesentetur.
2495 871 2646 935 Tali
2676 870 2874 936 modo
2905 873 3353 937 illustrantur

798 979 1220 1043 differentiae
1255 978 1721 1043 multitudinis
1756 1001 1928 1060 quae
1965 985 2328 1044 occurrunt
2362 979 2435 1042 in
2470 978 2594 1043 hoc
2633 978 2872 1044 studio.
2914 979 2985 1044 Si
3021 980 3351 1059 plurimis

797 1086 1132 1150 coloribus
1165 1087 1379 1150 utaris
1413 1087 1511 1149 ita
1540 1092 1621 1150 ut
1655 1110 1696 1149 a.
1728 1087 1946 1151 colore
1981 1081 2186 1151 denso
2218 1085 2301 1149 ad
2338 1084 2724 1151 dilutiorem
2760 1086 3228 1166 progrediariS,
3269 1087 3350 1150 id

795 1193 1034 1257 fecisse
1064 1191 1257 1256 nobis
1286 1191 1577 1257 videaris
1608 1192 1782 1273 quod
1815 1216 1968 1257 cum
2002 1199 2248 1257 natura
2278 1200 2344 1257 et
2374 1194 2658 1257 veritate
2687 1194 2970 1257 minime
3003 1195 3350 1273 congruit,

791 1313 922 1364 nec
962 1306 1190 1364 tamen
1235 1301 1436 1364 aliter
1474 1301 1604 1365 tibi
1648 1323 1846 1381 agere
1889 1300 2068 1377 licet,
2115 1301 2168 1364 si
2213 1298 2408 1365 modo
2453 1299 2842 1365 methodum
2887 1322 2931 1363 a
2973 1299 3349 1379 Turquano

795 1405 1115 1469 usitatam
1153 1407 1425 1470 omnino
1459 1407 1745 1485 rejicias,

888 1512 1203 1592 Superest
1251 1518 1327 1577 ut
1375 1510 1457 1575 de
1504 1512 1640 1576 alia
1685 1514 2073 1592 quaestione
2122 1514 2354 1593 magni
2404 1512 2678 1593 quidem
2728 1514 3052 1577 momenti
3100 1535 3347 1579 consu-

799 1618 1066 1681 lamus:
1130 1617 1373 1697 quibus
1430 1619 1648 1695 lineis,
1710 1619 1956 1698 quibus
2015 1621 2250 1683 formis
2306 1619 2746 1684 describenda
2800 1626 2902 1684 est
2962 1619 3350 1698 geografioa

799 1724 1035 1788 tabula
1071 1747 1202 1804 qua
1240 1726 1501 1789 utimur
1537 1725 1622 1790 ad
1682 1726 2153 1790 illustrandam
2218 1726 2678 1791 multitudinis
2740 1727 3288 1791 distributionem
3313 1727 3348 1790 :³

802 1830 1013 1895 Docet
1048 1853 1167 1895 nos
1203 1832 1776 1896 eminentissimus
1814 1855 2175 1912 germanus
2215 1834 2655 1912 geographus,
2696 1835 2805 1897 cui
2843 1856 3025 1897 nunc
3064 1835 3349 1898 omnino

798 1938 1224 2013 assentimus,
1285 1960 1549 2002 necesse
1612 1962 1750 2002 esse
1810 1947 1890 2003 ut
1949 1963 2031 2002 ex
2091 1940 2214 2005 tadi
2275 1941 2510 2003 tabula
2571 1941 2900 2018 possimus
2962 1939 3348 2019 perspicere

799 2042 1266 2123 phaenomena
1302 2044 1770 2123 geographica,
1812 2045 2058 2123 quibus
2098 2044 2395 2109 diversae
2436 2046 2809 2118 incolarum
2852 2049 3080 2124 copiae
3120 2044 3346 2110 deter-

800 2148 1163 2212 minentur.
1200 2175 1228 2210 «
1271 2149 1398 2213 Die
1431 2149 2129 2228 Bevolkerungskarte
2159 2151 2246 2214 ist
2277 2150 2793 2228 hauptsiichlich
2827 2153 2926 2215 als
2958 2151 3348 2231 Werkzeug

798 2254 915 2321 fiir
978 2252 1088 2317 die
1149 2255 1573 2334 Auffindung
1636 2255 1754 2320 ‹ler
1817 2257 2148 2319 ortlichen
2209 2256 2556 2321 Ursachen
2623 2255 2739 2320 der
2803 2257 3345 2337 Bevolkerungs-

797 2360 1199 2440 dichtigkeit
1232 2384 1317 2425 zu
1347 2362 1676 2427 schatzen.
1715 2389 1744 2423 n

883 2468 1247 2533 Possumus
1323 2470 1508 2548 sequi
1585 2470 1988 2533 sententiam
2064 2470 2405 2548 scriptoris
2481 2469 2640 2533 libri
2716 2496 2744 2531 α
2830 2469 3346 2550 Anthropogeo-

798 2573 1083 2654 graphie
1134 2601 1192 2653 ι,
1244 2578 1363 2656 qui
1414 2575 1781 2656 perfectam
1833 2575 2345 2656 absolutamque
2396 2578 2709 2640 aestimat
2759 2576 3068 2641 tabulam
3118 2582 3342 2641 osten·

798 2680 1066 2746 dentem
1103 2682 1363 2763 copiam
1398 2683 1793 2760 incolarum,
1830 2684 1907 2760 si,
1943 2681 2348 2748 conferendo
2379 2706 2526 2747 eam
2563 2705 2715 2747 cum
2748 2683 3003 2747 tabulis
3036 2683 3343 2748 locorum

798 2785 1214 2865 altitudines,
1261 2789 1369 2852 vel
1420 2789 1716 2866 climata,
1764 2788 1873 2853 vel
1920 2788 2063 2853 vias
2115 2787 2416 2869 ejusdem
2465 2789 2759 2867 regionis
2808 2787 3341 2865 ostendentibus,

796 2893 1008 2973 possis
1038 2914 1487 2974 superponere
1517 2916 1853 2976 quamque
1883 2895 2128 2975 prioris
2159 2895 2430 2961 tabulae
2462 2901 2724 2975 partem
2755 2897 2933 2975 parti
2966 2895 3342 2975 pertinenti

794 3000 1089 3063 aliarum
1130 3001 1518 3065 tabularum
1546 3002 1588 3065 1.
1636 3002 1735 3065 Ea
1780 3001 2052 3081 quidem
2098 3002 2239 3066 fieri
2290 3025 2424 3065 non
2466 3005 2764 3082 possunt.
2815 3002 3069 3066 Saltem
3115 3004 3341 3067 niten-

799 3104 960 3170 dum
1002 3112 1099 3171 est
1139 3113 1217 3171 ut
1255 3107 1480 3172 nullas
1522 3108 1688 3172 alias
1727 3108 1995 3182 tabulas
2036 3107 2475 3173 adhibeamus
2516 3111 2650 3173 nisi
2693 3132 2802 3173 eas
2845 3111 2918 3173 in
2958 3109 3204 3189 quibus
3245 3110 3343 3174 sit

797 3210 1208 3292 descriptum
1259 3211 1590 3294 quidquid
1635 3215 1973 3294 pertineat
2022 3213 2108 3278 ad
2158 3237 2389 3278 causas
2436 3238 2663 3279 rerum
2716 3214 3170 3280 inveniendas.
3224 3216 3342 3280 Ita

798 3318 1095 3382 locorum
1128 3318 1523 3384 altitudines
1557 3320 1871 3384 flexuosis
1903 3320 2102 3384 lincis
2135 3322 2238 3385 vel
2275 3321 2719 3385 rationalibus
2751 3323 2995 3386 litteris
3029 3320 3338 3386 demons-

794 3426 975 3486 trare
1016 3423 1185 3487 utile
1227 3424 1390 3499 erit;
1432 3423 1738 3501 flumina,
1778 3426 1924 3491 vias
1965 3426 2236 3501 ferreas,
2280 3426 2619 3506 etiamque
2661 3428 3024 3507 praecipua
3064 3426 3339 3503 itinera,

798 3528 1042 3609 quibus
1081 3531 1152 3594 in
1186 3531 1387 3594 terris
1424 3538 1490 3597 et
1527 3555 1703 3612 aqua
1739 3533 1816 3597 fit
1852 3535 2332 3598 commercium
2371 3532 2743 3597 describere
2781 3555 3048 3598 necesse
3084 3539 3199 3598 est.
3243 3532 3340 3597 Et

796 3635 1253 3715 quaerendum
1288 3644 1384 3702 est
1419 3646 1496 3703 ut
1526 3637 1725 3702 urbes
1758 3639 1995 3703 formis
2031 3648 2095 3704 ct
2130 3640 2375 3704 litteris
2411 3644 3014 3718 repraesententur,
3051 3661 3342 3718 quarum

793 3741 1193 3822 magnitudo
1226 3744 1301 3807 in
1334 3743 1563 3808 eadem
1597 3746 2027 3825 proportione
2062 3747 2151 3810 sit
2183 3768 2259 3810 ac
2292 3746 2668 3810 incolarum
2703 3768 3041 3810 numerus,

878 3848 1277 3917 Videbimus
1347 3850 1493 3931 jam.
1563 3852 1944 3929 nonnulloS‚
2021 3875 2174 3915 cum
2250 3850 2712 3915 multitudinis
2787 3851 3337 3916 distributionem

793 3954 1139 4020 illustrare
1176 3957 1637 4034 tentavissent,
1680 3980 1815 4021 non
1856 3957 2225 4037 respexisse
2269 3959 2494 4021 omnia
2538 3981 2708 4036 quac
2751 3981 2955 4037 supra
2993 3959 3337 4036 postulata

793 4066 970 4137 sunt,
1033 4084 1395 4142 eorumque
1456 4086 1684 4127 omnes
1748 4070 2024 4127 conatus
2083 4069 2274 4144 parte
2336 4063 2567 4143 aliqua
2623 4064 2899 4128 vitiosos
2960 4086 3119 4140 esse,
3182 4085 3337 4127 mea

794 4165 1069 4245 quidem
1100 4168 1450 4232 sententia.

849 4564 895 4613 1.
928 4584 951 4606 «
982 4563 1115 4614 Rein
1143 4565 1426 4615 technisch
1454 4566 1564 4615 und
1597 4566 2085 4625 gewissermassen
2116 4563 2959 4627 geographisch-11andwerklich
2989 4563 3335 4626 gesprochen

788 4638 939 4689 kann
974 4650 1107 4689 man
1143 4641 1261 4689 sich
1294 4641 1381 4689 cin
1418 4641 1707 4702 Vorgchen
1743 4640 1980 4697 denkcn,
2016 4639 2102 4691 hei
2135 4641 2402 4690 welchem
2439 4639 2525 4690 die
2563 4639 2727 4689 lx'arte
2763 4639 2862 4689 der
2896 4638 3337 4703 Bevolkerungs-

789 4714 1107 4777 dichligkeit
1138 4715 1235 4764 der
1265 4714 1405 4764 Erde
1438 4716 1521 4765 uls
1555 4717 1730 4766 Panse
1763 4714 2040 4777 aurgelegt
2073 4715 2212 4765 wird
2246 4715 2341 4765 auf
2372 4717 2493 4765 eine
2526 4715 2896 4777 gcologiSQhQ
2929 4715 3049 4766 eine
3083 4714 3337 4778 Gebirgs-

786 4788 961 4847 karle,
1000 4791 1120 4839 eine
1162 4788 1622 4842 Gewfissevkarte.
1663 4791 1783 4840 cine
1823 4791 2180 4848 Klimakartc‚
2219 4792 2340 4841 cine
2383 4791 2615 4841 Russcn·
2644 4790 2755 4840 und
2795 4790 2917 4841 eine
2958 4789 3331 4850 Kulturlfflrte,

788 4864 908 4914 eine
936 4864 1223 4925 politische
1255 4864 1367 4913 und
1396 4865 1516 4913 eine
1545 4864 1934 4916 Verkhrkarte.
1969 4886 1990 4909 n
2021 4865 2670 4927 muln-opogeographie,
2705 4865 2767 4923 11,
2798 4876 2852 4926 p.
2884 4865 2991 4915 187.
