3720 5875
1788 539 2134 604 ...62-

694 699 971 765 formati
1008 703 1186 777 sunt,
1224 719 1581 778 areamque
1618 705 1949 779 usurpamt
1989 697 2149 762 satis
2188 718 2506 776 magnam
2544 701 2621 760 ut
2663 718 2811 761 08111
2850 697 3239 763 existimare

694 807 924 887 possis,
964 806 1168 870 etiam
1206 806 1278 869 in
1314 804 1565 869 tabulis
1602 804 1877 870 modulo
1914 805 1989 868 1:
2029 805 2328 882 200.000,
2367 810 2434 867 et
2472 802 2842 868 incolarum
2881 826 3239 869 numerum

695 912 779 976 ad
813 911 1231 992 superficiem
1264 933 1454 975 areae
1489 909 2060 975 accommodatum
2094 914 2476 989 computare
2511 909 2731 973 liceat.

785 1019 858 1082 Si
909 1019 1034 1082 hoc
1082 1018 1495 1097 principium
1544 1017 1858 1096 sequeris,
1913 1037 2228 1095 agnosces
2283 1015 2667 1095 saepissime
2720 1015 2974 1079 viculos
3027 1014 3238 1079 dictos

701 1150 732 1185 «
785 1127 1018 1190 catune
1071 1150 1101 1183 »
1154 1122 1270 1203 (1111
1316 1145 1647 1186 summam
1693 1122 2050 1203 planitiem
2095 1127 2349 1198 tenent,
2395 1121 2571 1185 nihil
2616 1120 2805 1185 aliud
2849 1145 2988 1186 esse
3032 1143 3238 1202 quam

700 1231 1001 1311 singulas
1044 1228 1290 1306 domos,
1334 1251 1507 1308 quae
1547 1235 1875 1293 vocantur
1917 1254 1945 1288 ι
1979 1228 2216 1291 tirle».
2266 1226 2452 1300 Quae
2498 1250 2652 1291 cum
2697 1228 2793 1291 ita
2836 1229 2992 1304 sint,
3038 1226 3240 1292 detri-

699 1341 1007 1402 mentum
1093 1357 1295 1415 quam
1381 1335 1745 1399 minimum
1831 1334 2137 1410 fecimus,
2231 1332 2481 1399 incolas
2572 1355 2801 1398 earum
2893 1332 3240 1398 domorum

699 1439 1133 1506 attribuendo
1161 1440 1386 1504 viculo
1422 1440 1492 1504 in
1529 1462 1659 1518 quo
1694 1438 1943 1503 aediles
1976 1445 2348 1503 versantur.
2384 1478 2474 1487 —
2507 1438 2629 1503 Sin
2663 1439 2875 1503 viculi
2909 1439 3240 1517 plurimas

700 1547 926 1612 domos
955 1546 1226 1622 habent,
1256 1546 1630 1609 incolarum
1662 1567 2020 1608 numerum
2051 1547 2588 1625 computavimus
2619 1546 2949 1609 rationem
2981 1543 3241 1625 agendo

703 1676 893 1716 areae
943 1674 1146 1731 quam
1196 1657 1430 1715 tenent
1479 1651 1759 1715 collatae
1809 1674 1961 1716 cum
2014 1673 2169 1714 area
2219 1651 2522 1716 omnium
2573 1651 2948 1715 viculorum
2999 1651 3243 1730 quibus

702 1759 1032 1824 formatur
1074 1757 1537 1837 municipium.

792 1865 1107 1943 Superest
1148 1863 1353 1926 etiam
1397 1884 1574 1926 nune
1617 1861 1804 1926 aliud
1849 1860 2364 1940 incommodum,
2409 1862 2585 1941 quod
2628 1884 2761 1925 non
2805 1885 2889 1926 ex
2931 1862 3246 1927 methodo

705 1967 1013 2032 adhibita
1056 1969 1381 2048 provenit.
1428 1967 1611 2033 Huic
1650 1966 1917 2047 jamdiu
1959 1989 2216 2047 semper
2261 1966 2741 2044 incidebamus,
2788 1966 2951 2032 dum
2994 1974 3245 2031 scruta-

702 2074 946 2138 bamur
984 2072 1277 2138 diversas
1317 2072 1660 2138 methodos
1700 2074 2073 2153 propositas
2114 2072 2198 2137 ad
2240 2071 2826 2137 demonstrandam
2868 2074 3242 2138 incolarum

705 2182 982 2260 copiam.
1027 2179 1412 2244 Difficultas
1455 2181 1638 2243 enim
1675 2181 1938 2259 paritur
1977 2180 2274 2244 urbibus.

794 2285 1084 2349 Urbium
1127 2285 1401 2365 quidem
1442 2285 1807 2349 Valachiae
1849 2306 1988 2350 una
2030 2307 2235 2365 prope
2277 2285 2560 2352 300.000
2604 2284 2973 2351 incolarum
3020 2286 3244 2362 habet,

705 2392 1003 2471 quinque
1052 2390 1203 2472 plus
1252 2413 1453 2470 quam
1501 2391 1756 2468 40.000‚
1808 2413 1927 2455 sex
1973 2390 2123 2469 plus
2173 2412 2373 2470 quam
2423 2391 2681 2470 20.000‚
2732 2389 3246 2471 quinquedecim

707 2497 860 2577 plus
914 2518 1116 2576 quam
1171 2495 1420 2560 10.000.
1478 2495 1815 2559 Numerus
1868 2495 2283 2560 urbanorum
2341 2497 2639 2581 (etiamsi
2692 2520 2922 2561 earum
2972 2502 3241 2560 tantum

708 2603 977 2666 urbium
1012 2603 1340 2666 rationem
1374 2602 1575 2667 ducas
1609 2624 1778 2682 quae
1811 2602 1964 2681 plus
1998 2624 2197 2682 quam
2236 2603 2467 2668 10.000
2505 2602 2874 2667 incolarum
2909 2602 3247 2680 habeant‚)

708 2709 989 2779 collatus
1023 2731 1176 2773 cum
1210 2731 1487 2772 numero
1524 2709 1944 2786 rusticorum,
1981 2709 2479 2788 proportionem
2512 2708 2809 2772 eamdem
2846 2707 3016 2772 facit
3049 2730 3250 2788 quam

712 2815 792 2879 19
825 2814 909 2879 ad
944 2815 1087 2879 100.
1122 2814 1361 2893 Itaque
1396 2815 1852 2892 quaestionem
1888 2814 2162 2877 urbium
2191 2815 2553 2893 praeterire
2587 2837 2721 2878 non
2756 2813 2948 2878 nobis
2982 2814 3246 2878 licebat.

796 2919 1077 2984 Nullam
1116 2925 1341 2983 autem
1380 2919 1628 2983 artium
1666 2920 2157 2999 propositarum
2198 2918 2282 2984 ad
2320 2920 2796 2985 difficultatem
2835 2917 3249 2996 abolendam,

711 3048 874 3107 quas
918 3048 1132 3106 nuper
1173 3024 1718 3105 dijudicavimuS,
1765 3025 1965 3105 plane
2009 3026 2511 3105 approbandam
2553 3027 2952 3092 censuimus,
3001 3027 3255 3090 Verum

712 3154 796 3195 ex
845 3132 1520 3196 commentationibus
1569 3130 1848 3211 prolatis
1900 3132 2235 3212 principia
2284 3132 2675 3196 confirmata
2726 3156 2863 3197 esse
2914 3132 3252 3208 videntur,

712 3236 956 3316 quibus
1004 3237 1075 3301 in
1121 3238 1457 3316 praesenti
1503 3237 1727 3303 studio
1772 3238 1907 3303 nisi
1953 3260 2218 3301 sumus:

801 3519 854 3585 I.
886 3558 975 3568 -
1004 3519 1325 3583 Extrema
1357 3519 1564 3598 sequi,
1600 3521 1670 3585 id
1703 3526 1803 3582 est
1834 3518 2086 3582 incolas
2117 3519 2388 3584 urbium
2421 3520 2694 3583 omnino
2723 3520 3254 3599 praetermittere

711 3645 847 3687 non
867 3621 1143 3704 placuit.
1168 3624 1255 3687 In
1277 3622 1625 3698 Valachia,
1640 3624 1846 3687 etiam
1870 3625 2086 3705 magis
2107 3647 2309 3703 quam
2333 3624 2576 3702 ubiviS,
2599 3625 2970 3704 rejicienda
2988 3624 3257 3690 videtur

713 3729 845 3794 ista
864 3728 1234 3795 methodus.
1260 3728 1501 3794 Edicto
1524 3731 1706 3794 enim
1727 3731 1943 3810 regali
1965 3731 2139 3795 fiunt
2160 3731 2379 3809 urbes,
2393 3730 2555 3797 adeo
2580 3738 2654 3797 ut
2677 3730 3005 3812 quaedam
3028 3734 3252 3797 muni-

716 3835 892 3915 cipia
957 3836 1235 3912 urbana,
1302 3837 1373 3900 in
1440 3837 1684 3917 quibus
1746 3836 2117 3902 multitudo
2176 3859 2311 3901 non
2376 3839 2683 3913 accrevit,
2752 3838 2967 3902 multo
3032 3841 3255 3903 minus

716 3962 1098 4006 numerosos
1132 3941 1383 4006 incolas
1416 3942 1731 4019 habeant,
1766 3965 1972 4021 quam
2003 3942 2333 4022 quaedam
2365 3945 2735 4024 municipia
2767 3947 3032 4009 rustica.
3070 3945 3259 4009 Haec

715 4046 918 4110 facile
954 4047 1283 4127 percipies
1321 4070 1448 4113 usu
1483 4048 1874 4112 tabularum
1912 4054 2315 4126 nostrarum,
2356 4050 2429 4112 in
2467 4049 2710 4129 quibus
2749 4051 3031 4130 quisque
3073 4050 3258 4115 locus

717 4158 989 4216 notatur
1039 4154 1235 4233 signo
1286 4159 1351 4217 et
1402 4154 1651 4218 litteris
1704 4154 1786 4219 ad
1840 4154 2383 4234 magnitudinem
2436 4155 2968 4234 accommodati8‚
3023 4178 3258 4221 verum

714 4259 977 4323 nomini
1013 4258 1341 4340 cujusque
1378 4260 1737 4340 municipii
1775 4260 2019 4326 urbani
2055 4262 2239 4326 linea
2275 4261 2605 4327 subducta
2640 4268 2756 4328 est.

803 4362 1065 4428 Deinde
1101 4364 1299 4429 urbes
1340 4365 1809 4430 Rumanorum
1849 4368 2216 4447 imaginem
2257 4369 2584 4449 praebent
2622 4368 2816 4433 valde
2857 4368 3256 4435 dissimilem

716 4470 987 4534 urbium
1056 4471 1362 4552 Europae
1427 4472 1881 4549 occidentalis,
1952 4497 2177 4538 aream
2247 4475 2429 4539 enim
2496 4497 2931 4556 permagnam
3004 4481 3256 4552 tenent,

717 4584 796 4641 ut
834 4599 1004 4657 (11180
1043 4601 1402 4658 parvorum
1444 4577 1793 4644 domorum
1835 4585 1903 4644 et
1941 4580 2288 4645 hortorum
2329 4580 2843 4645 multitudinem
2886 4580 3260 4659 ostendant,

716 4681 880 4748 adeo
921 4690 1016 4763 ut,
1057 4684 1189 4748 nisi
1229 4683 1389 4750 urbs
1428 4691 1742 4763 exstaret,
1781 4708 1959 4751 unus
1998 4688 2108 4752 vel
2151 4686 2281 4751 duo
2320 4687 2454 4751 vici
2496 4687 2918 4767 superficiem
2960 4693 3264 4768 opertam

716 4787 1018 4855 obtinere
1044 4790 1437 4870 potuissent.
1471 4791 1544 4857 Si
1570 4793 2063 4874 computaveris
2090 4806 2315 4859 aream
2343 4793 2530 4859 urbis
2557 4816 2844 4875 magnae
2873 4801 2951 4860 ut
2977 4794 3261 4860 Ploiesti
