3720 5875
1574 587 1920 651 ...67—

475 747 651 813 tium
674 747 936 813 fructus
958 746 1224 812 trahere
1246 753 1544 827 possunt,
1569 747 1688 811 alii
1714 748 1785 810 in
1809 769 1971 811 zona
1997 747 2273 811 collium
2297 768 2489 825 agros
2514 745 2763 822 colunt,
2789 768 3016 826 poma-

474 858 710 936 riaaeque
748 877 1090 919 conserere
1126 861 1192 919 et
1226 854 1457 918 vineta
1491 853 1711 918 facere
1748 860 2044 933 possunt.
2086 851 2346 917 Deinde
2383 852 2718 933 plurimae
2755 852 2905 916 viae
2945 874 3019 916 eo

479 959 735 1024 ducunt
760 982 925 1041 quae
945 982 983 1023 a
1001 960 1315 1040 gentibus
1340 960 1620 1024 diversis
1645 960 1851 1024 tritae
1874 966 2050 1034 sunt,
2067 960 2232 1026 adeo
2252 965 2330 1024 ut
2353 961 2548 1040 juxta
2576 965 2834 1024 montes
2860 959 3018 1024 Oar-

467 1072 661 1149 patos
682 1065 879 1131 urbes
902 1065 1306 1143 exstiterint,
1331 1068 1400 1130 in
1425 1067 1669 1146 quibus
1693 1065 2035 1131 nundinae
2056 1066 2451 1131 habeantur.
2477 1066 2564 1130 In
2586 1066 2858 1131 Oltenia
2874 1067 3017 1146 jam

476 1174 722 1239 multos
759 1179 913 1237 ante
951 1197 1159 1238 annos
1196 1174 1690 1254 glomerabatur
1726 1173 2095 1238 multitudo
2132 1174 2203 1237 in
2240 1173 2512 1253 regione
2549 1172 2777 1249 feraci,
2816 1195 3016 1252 quam

471 1280 774 1345 diximus
802 1307 830 1341 ι
867 1280 1246 1361 depression
1274 1280 1814 1360 subkarpatique.
1848 1306 1877 1341 ιο
1914 1280 1997 1344 111
2028 1279 2311 1346 collibus
2340 1286 2567 1344 autem
2594 1279 3012 1357 Munteniae‚

475 1393 697 1452 crusta
729 1387 988 1451 divitiis
1018 1387 1469 1468 peculiaribus
1500 1386 1805 1466 praedita
1838 1393 1938 1451 est
1963 1409 1977 1463 3
2011 1409 2170 1450 118111
2201 1385 2358 1449 88118
2390 1392 2456 1451 et
2486 1386 2779 1465 naphtae
2810 1408 3016 1449 venae

474 1494 904 1560 effodiuntur.
3017 1495 3022 1496 ⁷

562 1601 851 1680 Magnae
880 1600 1250 1665 incolarum
1274 1601 1500 1681 copiae
1523 1601 1722 1680 juxta
1747 1600 2140 1665 Danubium
2165 1621 2433 1663 causam
2459 1598 2637 1663 haud
2664 1597 3015 1664 difficilius

476 1707 1000 1771 enuntiaremus.
1052 1706 1096 1769 J
1101 1706 1332 1772 amdiu
1379 1707 1564 1782 enim*
1610 1707 2273 1770 commemoravimus
2324 1706 2513 1786 aquis
2566 1705 2823 1786 irrigua
2874 1727 3013 1768 essc

474 1812 752 1878 acclivia
797 1812 1035 1877 limosa
1080 1812 1161 1877 ad
1206 1812 1454 1876 vallem
1499 1812 1801 1876 Danubii
1846 1812 2240 1891 spectantia,
2289 1817 2356 1875 et
2401 1812 2484 1876 ad
2531 1833 2607 1873 ea
2653 1809 3012 1890 confugere

472 1918 930 1999 agricultores,
990 1941 1161 1994 cum,
1228 1919 1551 1981 siccitatis
1614 1939 1830 1996 causa,
1895 1917 2330 1982 deseruerunt
2391 1917 2749 1997 planitiem
2814 1939 3016 1998 quam

471 2027 771 2090 arabant.
808 2025 1072 2089 Deinde
1102 2048 1235 2089 non
1268 2023 1799 2090 obliviscendum
1832 2025 2225 2089 commercio
2260 2024 2343 2088 ad
2377 2046 2701 2104 magnum
2731 2024 3014 2089 fluvium

471 2133 723 2195 attrahi
766 2132 1088 2196 homines.

559 2237 815 2301 Tabula
872 2260 1029 2301 vero
1082 2243 1311 2302 nostra
1368 2236 1539 2301 illud
1593 2237 1797 2300 etiam
1850 2235 2261 2301 ostenditur:
2325 2234 2694 2301 incolarum
2754 2236 3013 2316 copiam

471 2345 791 2424 majorem
826 2367 963 2408 esse
1000 2346 1070 2408 in
1108 2366 1271 2407 zona
1307 2342 1594 2423 quadam
1634 2344 1886 2407 directa
1922 2345 2006 2409 ad
2042 2342 2596 2423 perpendiculum
2634 2344 2809 2407 inter
2845 2343 3011 2408 duas

471 2473 663 2515 zonas
707 2456 905 2514 antea
945 2450 1178 2526 dictas,
1224 2449 1388 2515 adeo
1426 2455 1504 2513 ut
1545 2472 1583 2512 a
1625 2450 2077 2529 septentrione
2120 2450 2204 2513 ad
2245 2448 2597 2514 meridiem
2640 2472 2758 2530 per
2798 2456 3011 2514 totam

465 2556 866 2621 Valachiam
906 2555 1108 2621 ducta
1143 2555 1474 2630 videatur,
1514 2555 1883 2620 secundum
1922 2555 2225 2620 fluminis
2265 2557 2481 2636 Arges
2518 2562 2832 2622 tractum.

556 2678 643 2741 In
673 2699 749 2741 ea
782 2677 962 2741 enim
991 2682 1182 2757 parte
1210 2676 1524 2756 plurimis
1557 2676 1848 2742 vallibus
1882 2675 2188 2754 dissecta,
2221 2682 2287 2741 et
2319 2676 2510 2756 aquis
2543 2677 3010 2757 frequentibus

470 2784 747 2865 irrigua,
793 2783 1000 2848 silvae
1041 2784 1202 2847 satis
1248 2784 1576 2863 spatiosae
1620 2782 1839 2848 adhuc
1879 2789 2413 2874 permanserunt,
2460 2782 2626 2850 adeo
2665 2791 2742 2849 ut
2787 2765 3008 2864 imago

467 2890 676 2957 oculis
710 2895 1045 2972 appareat,
1080 2912 1281 2972 quam
1317 2893 1387 2955 in
1420 2890 1671 2970 campis
1704 2889 2058 2955 Botrussiae
2090 2889 2329 2957 dicunt
2362 2915 2391 2951 α
2429 2889 2673 2971 Steppe
2709 2891 2789 2956 de
2824 2896 3007 2956 tran-

466 2999 687 3063 sition.
746 3025 777 3060 ι
836 2997 1195 3062 Praeterea
1246 2998 1359 3061 via
1410 3021 1543 3076 qua
1598 2999 1737 3061 itur
1789 2996 1872 3061 ad
1927 2999 2234 3062 civitates
2289 2999 2647 3063 orientales
2702 2998 3006 3064 eamdem

466 3128 699 3170 zonam
733 3104 1016 3178 dirimit,
1048 3103 1527 3169 transcendens
1560 3109 1819 3168 montes
1855 3102 2174 3184 Campatos
2205 3126 2326 3183 per
2356 3104 2603 3169 vallem
2638 3105 3005 3170 Prahovae.

468 3211 729 3276 Deinde
780 3212 941 3276 urbs
993 3210 1376 3285 Bucuresci‚
1432 3233 1601 3291 quae
1655 3216 1859 3290 caput
1910 3211 2101 3290 regni
2155 3210 2536 3274 Rumaniae
2591 3212 2829 3276 effecta
2880 3219 3000 3289 est,

463 3317 863 3398 fodinaeque
897 3323 966 3381 et
996 3318 1388 3382 mechanica
1421 3317 1707 3381 artificia
1741 3318 1810 3380 in
1844 3318 2117 3397 regione
2150 3318 2458 3397 proxima
2488 3319 2686 3397 juxta
2720 3318 3007 3382 Ploiesci

462 3431 529 3490 et
568 3425 808 3501 Slanic‚
843 3424 1137 3487 multum
1172 3425 1605 3487 contulerunt
1638 3422 1719 3487 ad
1751 3423 2056 3488 homines
2090 3423 2594 3489 contrahendos.

553 3542 625 3607 Si
648 3543 949 3621 singulas
971 3542 1274 3623 regiones
1300 3543 1641 3607 naturales
1662 3543 2031 3607 Valachiae
2055 3566 2237 3607 1111110
2262 3544 2653 3623 inspexeris,
2678 3546 3008 3611 nonnulla

464 3650 670 3716 etiam
705 3650 833 3713 tibi
869 3655 1233 3727 occurrent,
1269 3649 1463 3714 valde
1499 3650 1705 3729 digna
1740 3672 1909 3728 quae
1947 3651 2270 3714 attentius
2308 3651 2795 3717 examinentur.

547 3770 633 3834 In
678 3791 843 3833 zona
883 3768 1159 3834 collium
1199 3771 1531 3850 reperitur
1572 3770 1872 3834 maxima
1915 3769 2286 3834 incolarum
2332 3771 2522 3850 copia
2564 3770 2716 3850 (55).
2763 3771 3004 3836 Postea

462 3875 659 3940 vallis
693 3874 992 3940 Danubii
1027 3876 1380 3956 praecipue
1413 3877 1766 3955 conspicua
1798 3875 2127 3953 videatur,
2165 3877 2276 3941 sed
2313 3876 2673 3956 paludibus
2708 3877 3003 3957 regionis

462 3981 681 4047 dictae
717 4009 745 4043 ι
792 3982 995 4046 Balta
1032 4008 1060 4043 ιο
1105 3982 1176 4046 111
1213 3983 1540 4046 rationem
1579 3981 1906 4059 adductiS,
1945 3981 2168 4046 media
2205 3983 2578 4048 incolarum
2616 3984 3001 4065 frequentia

461 4086 544 4151 ad
595 4087 983 4152 inferiorem
1032 4086 1317 4169 gradum
1364 4089 1672 4168 pervenit
1727 4088 1959 4167 (29‚2.)
2014 4087 2101 4151 In
2151 4111 2414 4153 summa
2461 4089 2748 4168 planitie
2797 4113 2999 4171 quam

459 4194 841 4258 vocavimus
895 4220 924 4255 α
965 4194 1273 4259 Terrasse
1323 4194 1668 4271 diluviale,
1700 4222 1731 4257 ι
1783 4216 1955 4274 aqua
2007 4194 2222 4258 rarius
2278 4196 2622 4260 invenitur
2672 4218 2877 4276 quam
2922 4202 3002 4261 ut

458 4298 682 4364 media
735 4299 926 4380 copia
981 4306 1248 4381 superet
1307 4300 1539 4381 (39,6.)
1599 4302 1691 4364 In
1741 4301 2085 4366 montibus
2141 4301 2372 4365 eadem
2428 4325 2746 4368 mensura
2798 4303 3000 4383 longe

457 4405 739 4470 inferior
781 4406 894 4485 (5.)

546 4524 617 4589 Si
659 4525 1173 4605 proportionem,
1218 4549 1420 4607 quam
1460 4525 1626 4590 facit
1669 4549 1823 4591 area
1864 4527 2185 4607 cujusque
2227 4527 2520 4607 regionis
2564 4527 2806 4593 collata
2848 4552 3001 4594 cum

458 4652 613 4694 area
638 4631 845 4696 totius
872 4630 1260 4705 Valachiae,
1291 4631 1591 4697 conferes
1619 4656 1771 4696 cum
1797 4631 2223 4713 proportione
2254 4655 2455 4713 quam
2484 4632 2654 4698 facit
2681 4656 2999 4700 numerus

458 4736 831 4801 incolarum
870 4736 1170 4818 ejusdem
1211 4738 1504 4816 regionis
1542 4738 1824 4803 collatus
1860 4737 1945 4803 ad
1981 4761 2343 4804 numerum
2378 4740 2755 4805 incolarum
2791 4739 2999 4806 totius

454 4841 841 4920 Valachiae,
888 4843 1090 4909 facile
1132 4844 1515 4925 perspicies,
1561 4866 1730 4925 quae
1774 4844 1961 4925 regio
2007 4858 2210 4925 supra:
2251 4844 2525 4911 modum
2568 4845 3001 4927 frequentata
