3720 5875
1509 604 1853 668 —37-

410 772 496 837 ad
519 795 658 837 rem
680 771 984 837 conferre
1004 768 1213 850 possit
1235 767 1579 849 geologica
1599 770 1860 831 crustae
1882 768 2143 828 natura.
2169 762 2496 826 Attamen
2518 762 2661 841 ipse
2681 761 2958 841 praebet

411 878 579 944 duas
608 877 872 943 tabulas
903 878 1081 941 inter
1109 897 1176 940 se
1207 874 1482 940 collatas
1513 871 1729 953 magis
1759 892 1964 952 quam
1994 871 2068 935 in
2096 890 2305 935 unam
2334 868 2751 936 commixtas.

497 998 827 1063 Tabulam
871 997 954 1062 ad
999 994 1590 1061 demonstrandam
1630 993 2006 1058 incolarum
2047 991 2308 1071 copiam
2351 990 2761 1055 delineatam
2805 1010 2957 1054 cum

411 1106 646 1170 tabula
701 1105 1114 1186 geologicam
1167 1109 1481 1167 naturam
1531 1099 1924 1165 ostendente
1976 1100 2074 1163 ita
2124 1097 2434 1175 contulit,
2492 1104 2569 1161 ut
2625 1118 2957 1176 quamque

410 1213 653 1293 prioris
684 1211 955 1277 tabulae
986 1215 1249 1291 partem
1279 1209 1459 1289 parti
1491 1208 1862 1288 pertinenti
1897 1205 2175 1269 alterius
2209 1204 2724 1284 superposuerit.
2762 1201 2955 1275 Quod

412 1324 750 1383 assecutus
779 1323 898 1395 est,
928 1317 1340 1398 geologicam
1368 1320 1683 1379 naturam
1711 1314 1927 1393 magis
1957 1313 2347 1376 summatim
2375 1309 2954 1391 repraesentandO,

415 1425 918 1505 incolarumque
970 1424 1230 1504 copiam
1283 1420 1804 1487 demonstrando
1849 1420 2164 1484 flexuosis
2214 1418 2415 1482 lineis
2467 1417 2712 1497 quibus
2765 1438 2954 1481 areae

415 1529 837 1595 delimitatae
888 1537 1067 1608 sunt,
1119 1529 1567 1594 rationalibus
1618 1527 1868 1592 litteris
1922 1529 1995 1590 in
2047 1525 2271 1590 media
2323 1548 2589 1605 quaque
2642 1547 2799 1588 area
2850 1524 2951 1588 in-

399 1636 686 1717 scriptis.
715 1632 975 1702 Deinde
1000 1656 1076 1700 eo
1101 1634 1426 1699 deductus
1448 1638 1548 1700 est
1566 1641 1644 1699 ut
1666 1631 1998 1699 nonnulla
2021 1629 2565 1710 omitteret,quae
2589 1631 2958 1711 imaginem

412 1746 702 1809 nimium
752 1744 1166 1809 inconditam
1215 1744 1613 1817 effecissent,
1661 1765 1897 1805 verum
1946 1740 2191 1820 quibus
2240 1761 2466 1803 carere
2511 1761 2646 1802 non
2695 1737 2960 1802 deceret

414 1851 716 1916 tabulam
741 1851 825 1916 ad
850 1851 1264 1931 propositum
1289 1849 1589 1915 studium
1616 1848 2022 1914 institutam.
2050 1847 2286 1926 Neque
2315 1848 2495 1911 enim
2520 1847 2671 1910 viae
2696 1866 2957 1925 reprae-

415 1963 786 2034 sentantur,
812 1980 1025 2038 neque
1050 1958 1346 2021 locorum
1373 1954 1791 2031 altitudines,
1814 1977 1900 2018 ne
1923 1952 2367 2017 rationalibus
2392 1952 2664 2032 quidem
2692 1953 2956 2018 litteris.

499 2077 866 2143 Flexuosas
909 2077 1123 2141 lineas
1169 2076 1522 2155 descripsit
1565 2079 1919 2155 postquam
1964 2074 2334 2138 incolarum
2380 2073 2642 2153 copiam
2688 2095 2959 2154 compu-

418 2186 586 2248 tavit
616 2186 687 2248 in
717 2181 1168 2248 schematibus
1197 2180 1632 2260 orthogoniis.
1667 2179 1860 2254 Quod
1892 2179 1975 2243 ad
2006 2180 2204 2243 urbes
2234 2180 2548 2260 pertinet,
2581 2180 2955 2244 incolarum

417 2294 676 2371 copiam
712 2292 783 2354 in
816 2311 1237 2370 quacumque
1273 2289 1634 2369 separatim
1668 2285 2089 2367 computavit
2120 2308 2363 2366 easque
2395 2284 2667 2351 circulis
2701 2284 2959 2364 signifi-

416 2398 594 2461 cavit
629 2395 712 2460 ad
745 2418 970 2460 aream
1007 2418 1210 2475 quam
1245 2395 1555 2460 obtinent
1590 2392 2126 2459 accommodatis.

500 2516 924 2597 Principium
964 2516 1177 2596 igitur
1213 2515 1601 2596 adhibitum
1633 2536 1770 2579 non
1807 2513 2009 2593 plane
2047 2518 2310 2594 assequi
2348 2534 2549 2577 ausus
2587 2518 2706 2581 est.
2748 2511 2958 2576 Nota-

410 2622 713 2687 tionibus
739 2644 905 2701 quas
932 2622 1077 2702 ipse
1101 2620 1181 2684 de
1208 2644 1278 2686 re
1306 2621 1504 2686 affert
1530 2621 1691 2685 satis
1720 2619 2098 2685 ostenditur
2124 2626 2457 2700 quatenus
2483 2618 2957 2699 vituperabilis

416 2727 507 2791 sit
546 2750 626 2792 ea
665 2726 1039 2805 methodus,
1079 2727 1274 2791 utilis
1315 2726 1591 2807 quidem
1628 2732 1711 2791 ut
1749 2726 2038 2799 videtur,
2081 2748 2317 2792 verum
2359 2725 2772 2791 difficillima
2809 2748 2956 2790 usu.

413 2833 919 2898 Animadvertit
955 2835 1136 2898 enim
1177 2856 1369 2913 saepe
1407 2833 1791 2897 habitantes
1831 2832 2231 2913 glomeratos
2269 2855 2409 2897 esse
2449 2833 2522 2896 in
2560 2832 2723 2896 locis
2762 2833 2960 2913 juxta

412 2945 578 3009 fines
607 2964 838 3006 earum
865 2947 1199 3005 terrarum
1230 2963 1401 3021 quae
1429 2946 1758 3004 vocantur
1786 2966 1815 3002 ι
1855 2939 2321 3004 Muschelkalk
2355 2966 2385 3002 ι
2423 2946 2491 3004 et
2520 2966 2549 3002 ι
2591 2940 2885 3021 Keuper,
2918 2967 2948 3003 ι

412 3048 588 3131 quod
611 3048 1028 3115 domicilium
1052 3048 1346 3111 habeant
1371 3047 1440 3111 in
1463 3070 1601 3114 una
1623 3053 1821 3120 terra,
1849 3045 2130 3110 alteram
2156 3051 2380 3111 autem
2404 3046 2717 3111 excolant
2739 3050 2958 3111 aetate

414 3160 481 3221 et
506 3161 752 3220 natura
780 3154 1125 3235 geologica
1151 3153 1504 3233 disparem.

499 3273 1016 3340 Incommodum
1047 3272 1220 3337 illud
1252 3273 1670 3351 Thuringiae
1700 3272 2227 3354 haudquaquam
2261 3274 2603 3354 peculiare
2636 3278 2755 3350 est,
2790 3274 2958 3353 quin

415 3388 483 3447 et
505 3382 756 3461 ubique
784 3381 1169 3461 geographo
1194 3380 1497 3446 occurrit.
1531 3379 1934 3460 Saepissime
1959 3379 2141 3445 enim
2168 3380 2629 3459 glomerantur
2655 3379 2959 3446 homines

416 3487 486 3551 in
517 3487 682 3552 locis
713 3487 911 3567 juxta
939 3486 1106 3552 fines
1139 3487 1427 3553 duarum
1457 3492 1788 3552 terrarum
1822 3486 2165 3566 geologica
2198 3492 2441 3551 natura
2474 3487 2955 3552 differentium.

500 3591 710 3656 Aliud
734 3591 1230 3657 incommodum
1257 3594 1473 3657 oritur
1495 3616 1576 3656 ex
1597 3591 1881 3672 rupibus
1906 3615 2075 3672 quae
2099 3592 2350 3671 passim
2374 3614 2718 3657 summum
2739 3591 2956 3656 solum

416 3698 787 3778 attingunt.
844 3697 1118 3762 Etenim
1168 3697 1346 3762 nihil
1400 3699 1485 3762 ad
1536 3697 2088 3763 distributionem
2138 3697 2603 3762 multitudinis
2656 3696 2994 3778 conferre„

415 3809 633 3884 potest
680 3825 937 3877 saxum,
987 3805 1121 3868 nisi
1167 3826 1287 3884 per
1334 3805 1627 3884 spatium
1673 3825 1998 3884 magnum
2044 3809 2252 3884 patet.
2304 3804 2453 3870 Hoc
2499 3804 2762 3884 jamdiu
2811 3804 2957 3869 ani-

415 3910 878 3974 madvertebat
902 3910 1260 3974 Kiisterius
1288 3909 1414 3991 (op.
1444 3910 1584 3986 cit.)
1614 3936 1643 3971 α
1683 3911 1773 3974 Es
1800 3914 1892 3977 ist
1913 3912 1983 3989 ja
2007 3910 2389 3989 uberhaupt
2414 3910 2778 3984 natfirlich,
2808 3911 2960 3976 dass

415 4018 524 4081 ein
559 4015 977 4081 Gesteinsart
1007 4016 1114 4080 bei
1149 4017 1302 4081 sehr
1329 4016 1842 4081 beschriinktem
1875 4016 2597 4094 Verbreitungsgebiet
2628 4016 2959 4081 aufhiiren

413 4145 614 4199 muss‚
703 4124 887 4188 seine
972 4123 1882 4204 anthropogeographischen
1968 4122 2404 4205 Wirkungen
2492 4124 2878 4189 auszuiiben
2906 4148 2957 4188 ι.

415 4228 670 4294 Verum
700 4252 898 4309 quem
930 4230 1294 4295 terminum
1328 4230 1534 4308 eliges
1566 4234 1646 4296 ut
1677 4230 1969 4294 minores
2003 4250 2314 4294 saxorum
2348 4236 2601 4295 tractus
2635 4231 2906 4298 omittas
2926 4229 2959 4294 P

500 4335 674 4400 Sunt
696 4335 902 4400 etiam
925 4335 1166 4414 plagae
1191 4337 1260 4399 in
1284 4335 1527 4415 quibus
1552 4336 2071 4417 glomeratorum
2095 4335 2587 4402 domiciliorum
2613 4336 2961 4403 collocatio

415 4446 561 4505 orta
609 4441 698 4505 sit
746 4444 832 4506 &x
883 4441 1140 4506 duobus
1194 4439 1495 4506 diversae
1549 4448 1831 4506 naturae
1888 4442 2087 4518 saxis,
2144 4464 2313 4522 quae
2369 4442 2648 4507 alternis
2696 4442 2961 4508 vicibus

417 4554 738 4627 apparent
764 4552 882 4612 aut
906 4552 1327 4613 evanescunt.
1357 4547 1464 4612 Ad
1493 4547 1797 4612 studium
1821 4547 2067 4612 talium
2091 4547 2446 4628 regionum
2471 4549 2753 4614 minime
2778 4548 2960 4615 valet

415 4653 770 4719 methodus
803 4653 886 4718 de
916 4676 1049 4734 qua
1077 4652 1437 4733 loquimur.

501 4758 692 4824 Inter
743 4783 850 4824 eos
901 4760 1019 4839 qui
1069 4765 1504 4825 tentaverunt
1554 4758 2013 4824 demonstrare
2062 4764 2392 4840 quatenus
2445 4757 2682 4826 modus
2734 4758 2958 4825 distri-

416 4863 718 4931 buendae
756 4865 1225 4932 multitudinis
1262 4865 1552 4946 pendeat
1588 4888 1672 4932 ex
1712 4864 2057 4946 geologica
2096 4864 2219 4930 soli
2258 4869 2523 4944 natura,
2564 4881 2957 4932 commemin-
