3720 5875
1527 609 1830 674 -9-

411 773 881 856 geographicis
918 771 1411 852 postponebant
1453 772 1473 813 ¹
1515 768 1676 834 dum
1716 771 2027 835 nonnulli
2072 772 2439 854 geographi
2480 796 2711 838 earum
2751 798 2946 840 usum

414 879 880 945 commendare
912 878 1282 958 pergebant
1312 881 1362 942 2.

499 986 790 1051 Tabulas
826 985 1187 1050 statisticas
1220 990 1448 1049 tamen
1480 1008 1617 1050 non
1651 987 1924 1050 omnino
1957 986 2356 1067 rejiciendas
2393 1009 2532 1052 esse
2568 1010 2946 1065 censemus3

413 1093 710 1158 afferunt
736 1092 921 1157 enim
948 1091 1117 1156 utile
1147 1092 1735 1172 complementum,
1766 1114 1897 1172 quo
1925 1092 2313 1158 tabularum
2345 1094 2948 1175 geographicarum

412 1206 706 1280 augetur
745 1198 1174 1279 significatio,
1219 1197 1381 1263 dum
1446 1219 1764 1265 numeros
1825 1198 2073 1279 quibus
2137 1199 2244 1264 usi
2311 1223 2542 1266 sumus
2605 1200 2690 1266 ad
2758 1202 2948 1268 insti-

410 1305 734 1372 tuendam
769 1306 1290 1386 geographicam
1325 1303 1962 1371 demonstrationem
1998 1306 2378 1385 ostendunt,
2413 1314 2479 1373 et
2514 1309 2720 1373 simul
2753 1307 2953 1374 datur

412 1413 708 1478 facultas
738 1411 1126 1478 conferendi
1158 1434 1266 1477 eos
1298 1435 1609 1478 numeros
1643 1436 1797 1477 cum
1828 1413 1982 1477 aliis
2014 1412 2336 1492 numeriS‚
2368 1414 2614 1494 quibus
2646 1417 2950 1481 notiones

411 1521 646 1601 magni
702 1519 1026 1584 momenti
1086 1518 1563 1599 exprimuntur
1626 1519 1732 1598 (ut
1791 1526 1948 1584 sunt
2004 1519 2223 1584 media
2282 1521 2581 1586 locorum
2639 1520 2948 1599 altitudo,

413 1627 739 1691 silvarum
771 1647 944 1703 area,
976 1625 1134 1704 etc.)

501 1732 708 1812 Copia
755 1732 1129 1797 incolarum
1178 1734 1311 1797 alio
1358 1732 1552 1798 modo
1602 1732 1930 1798 illustrari
1977 1739 2215 1813 potest,
2265 1733 2334 1798 id
2382 1741 2482 1799 est
2529 1737 2950 1814 geometricis

412 1840 672 1920 figuris,
707 1861 873 1920 quas
908 1839 1224 1904 statistici
1260 1838 1753 1920 diagrammata
1789 1838 2047 1918 dicunt,
2085 1862 2385 1920 quasque
2417 1841 2616 1905 lineis
2652 1841 2951 1907 formant

412 1948 523 2011 vel
551 1947 742 2023 areis,
774 1945 936 2011 adeo
965 1952 1043 2011 ut
1071 1946 1405 2010 linearum
1432 1952 1662 2011 tractu
1686 1948 1797 2011 vel
1824 1969 2131 2011 arearum
2164 1946 2583 2011 dimensione
2610 1950 2954 2028 proportio

410 2054 768 2118 notionum
810 2052 1323 2118 demonstretur.
1368 2054 1477 2117 Ita
1522 2054 1641 2117 alii
1684 2059 1975 2118 utuntur
2017 2053 2470 2118 schematibus
2516 2053 2949 2132 orthogoniis,

414 2159 661 2241 quibus
694 2159 1004 2225 omnibus
1036 2183 1228 2239 pares
1261 2159 1704 2241 aequalesque
1739 2168 1897 2225 sunt
1928 2161 2136 2240 baseS‚
2173 2169 2241 2227 at
2273 2164 2503 2228 variae
2534 2161 2950 2238 altitudineS‚

410 2274 615 2349 prout
652 2267 869 2348 major
909 2267 1209 2330 minorve
1252 2267 1625 2331 incolarum
1668 2269 1860 2348 copia
1901 2275 2240 2348 comperta
2281 2277 2379 2333 est
2411 2271 2452 2332 ³.
2496 2270 2672 2334 Aliis
2716 2271 2953 2333 circuli

412 2373 705 2455 potiores
738 2374 867 2438 visi
898 2378 1081 2451 sunt,
1115 2372 1361 2454 quibus
1393 2397 1586 2454 pares
1622 2381 1778 2440 sunt
1813 2375 2006 2451 radii,
2044 2376 2430 2455 superficies
2463 2382 2690 2441 autem
2725 2398 2950 2440 macu-

414 2481 569 2570 lata.
594 2488 694 2547 est
728 2481 999 2561 punctis
1037 2481 1255 2560 magis
1293 2481 1600 2546 minusve
1664 2481 1912 2562 spissis,
1975 2487 2174 2562 prout
2235 2483 2453 2564 major
2510 2483 2818 2547 minorve
2875 2483 2952 2547 fit

416 2589 794 2653 incolarum
832 2589 1020 2669 copia
1061 2593 1102 2652 ⁴.

504 2695 859 2758 Schemata
886 2695 1025 2771 illa,
1053 2717 1224 2775 quae
1252 2694 1742 2773 diagrammata
1771 2694 2110 2771 (licuntur,
2139 2695 2221 2758 ab
2250 2693 2471 2757 indole
2506 2696 2953 2774 geographica

415 2802 616 2881 longe
656 2802 881 2865 abesse
921 2801 1082 2865 satis
1120 2806 1342 2881 paitet3
1385 2800 1788 2880 geometrico
1829 2803 2011 2865 enim
2051 2800 2249 2867 modo
2286 2825 2645 2866 numerum
2685 2808 2950 2866 tantum

415 2907 785 2985 illustrant,
825 2929 948 2973 nec
984 2908 1351 2988 ‘quicquam
1391 2906 1633 2973 docent
1670 2905 1749 2973 de
1812 2908 1986 2973 areis
2047 2907 2119 2972 in
2183 2907 2427 2989 quibus
2489 2906 2721 2973 eadem
2783 2908 2956 2974 ratio

415 3014 922 3080 distribuendae
982 3014 1444 3079 multitudinis
1506 3015 1872 3091 invenitur,
1935 3015 2218 3080 minime
2279 3016 2484 3079 etiaim
2566 3015 2646 3079 de
2731 3038 2954 3081 rerum

416 3144 637 3186 causa.

508 3256 536 3288 «ι
574 3228 682 3291 Sie
735 3227 1151 3290 verdeutlich
1203 3267 1291 3274 —-
1343 3234 1440 3291 ai't
1493 3227 1892 3291 Ratzelius⁵
1941 3266 2031 3275 —·
2081 3249 2210 3290 nur
2264 3228 2378 3290 ein·
2429 3226 2747 3291 Grossen-
2801 3228 2958 3290 kein

414 3332 1031 3414 LageverhaltnisS‚
1077 3331 1218 3397 und
1262 3334 1502 3397 besitzt
1544 3334 1661 3396 fiir
1705 3332 1812 3397 die
1860 3332 2307 3413 Geographen
2354 3332 2713 3399 denselben
2761 3334 2957 3398 Wert

414 3440 543 3502 wie
586 3437 704 3501 der
744 3438 1327 3503 Zahlenausdruck
1372 3438 1487 3502 der
1530 3440 1965 3519 specifischen
2010 3437 2450 3518 Dichtigkeit.
2498 3466 2527 3501 ι»

505 3546 700 3609 Unus
772 3552 871 3607 est
942 3544 1198 3620 modus),
1272 3568 1403 3625 quo
1476 3544 1558 3608 ad
1633 3544 1926 3609 indolem
2002 3544 2525 3625 geographicam
2596 3547 2958 3610 statisticas

413 3654 725 3718 notiones
760 3653 1099 3716 illustrare
1132 3653 1356 3727 liceat,
1389 3651 1641 3715 tabulis
1678 3651 2164 3731 geographicis.
2203 3649 2549 3725 Quomodo
2582 3658 2810 3716 autem
2849 3675 2957 3717 eas

416 3760 752 3824 instruere
785 3764 1104 3839 oporteat,
1137 3757 1328 3822 nobis
1361 3757 1864 3823 consulendum.

508 3865 767 3929 Multae
806 3864 998 3930 nobis
1037 3865 1333 3945 primum
1374 3870 1733 3928 occurrunt
1772 3863 2216 3943 quaestioneS‚
2257 3884 2544 3942 quarum
2585 3863 2778 3927 nulla
2814 3869 2957 3927 tam

415 3973 681 4038 instans
724 3971 1013 4047 videtur,
1059 3994 1263 4052 quam
1310 3971 1613 4050 quaestio
1659 3968 1738 4033 de
1785 3967 2059 4033 modulo
2100 3968 2487 4032 tabularum
2533 3993 2547 4043 ;
2594 3968 2778 4032 haud
2826 3971 2962 4034 scio

414 4101 587 4142 num
623 4076 704 4141 de
738 4100 810 4141 re
844 4078 1006 4141 satis
1040 4084 1352 4141 accurate
1385 4077 1841 4157 quaesiverint
1878 4075 2264 4156 geographi.
2303 4076 2555 4140 Utrum
2594 4076 2835 4140 melius
2874 4078 2961 4141 sit

414 4185 676 4264 majore
739 4206 825 4247 an
886 4184 1144 4248 minore
1203 4184 1307 4247 uti
1351 4184 1382 4246 ·?
1445 4182 1775 4247 Nonnulli
1836 4181 2108 4245 tabulas
2168 4182 2425 4245 minore
2487 4180 2759 4246 modulo
2821 4181 2962 4246 des-

477 4487 528 4537 1.
566 4486 897 4537 LssvAssrzcn.
926 4490 978 4534 80
1006 4485 1247 4545 Βοιωτὸς
1276 4485 1534 4534 Inter-nal..
1564 4487 1629 4534 de
1658 4485 1996 4547 scansuque,
2024 4484 2591 4545 SaintPetersbourg,
2618 4482 2759 4541 1872,
2787 4493 2878 4543 pp.
2907 4479 2969 4531 28

410 4565 469 4614 et
505 4574 624 4624 sqq.

476 4652 526 4701 2.
567 4651 844 4711 Hunvalry
877 4650 1180 4700 secundum
1216 4650 1397 4699 Ratzel
1426 4649 2072 4711 Anthropogeogrophie,
2105 4649 2167 4706 ΙΙ.
2200 4662 2252 4711 p.
2286 4648 2394 4699 186.

476 4726 528 4774 3.
567 4725 899 4775 LEVASSECR.
937 4726 1012 4773 La
1044 4725 1369 4787 population
1403 4724 1693 4786 framjaise,
1732 4725 1766 4772 t.
1806 4724 1844 4782 1,
1881 4736 1971 4785 pp.
2009 4721 2228 4773 322-323.

482 4800 533 4850 4.
566 4799 776 4851 Census
809 4800 867 4850 or
900 4799 1061 4850 Grcat
1094 4800 1304 4850 Britain
1337 4799 1475 4856 1851.
1511 4800 1759 4853 London,
1794 4798 1932 4848 1852.

477 4877 527 4925 5.
564 4875 1209 4939 Anthropogeogrsphie,
1242 4876 1305 4935 11,
1336 4888 1389 4936 p.
1420 4874 1527 4925 201.
