3720 5875
1528 625 1875 690 -35-

523 783 944 865 Quapropter
976 783 1523 865 Burgkhardtius
1557 791 1627 849 et
1658 782 1978 850 Wolffius
2011 790 2079 849 et
2111 783 2254 865 ipse
2288 783 2686 865 Klingerius
2720 788 2980 849 montes

438 891 887 956 consideratos
930 891 1307 956 diviserunt
1348 893 1420 955 in
1462 892 1626 957 duas
1668 897 1894 972 partes
1936 891 2021 955 ad
2062 890 2340 956 adversa
2383 897 2754 972 spectantes
2799 897 2868 956 et
2909 891 2981 955 in

439 1019 856 1078 quacumque
889 1003 1075 1077 parte
1108 997 1483 1063 incolarum
1514 999 1777 1077 copiam
1809 998 2171 1078 separatim
2203 1003 2776 1078 computaverunt.

528 1103 783 1167 Verum
823 1125 957 1167 non
999 1126 1263 1184 semper
1297 1126 1436 1168 una
1475 1112 1541 1168 et
1580 1102 1814 1167 eadem
1856 1114 1955 1170 est
1996 1105 2168 1169 ratio
2210 1102 2711 1168 distribuendae
2753 1103 2984 1167 multi-

441 1207 701 1274 tudinis
724 1231 844 1289 per
865 1214 1085 1273 totum
1107 1210 1401 1289 spatium
1426 1208 1729 1289 ejusdem
1750 1231 1973 1288 zonae,
2001 1211 2267 1274 etiamsi
2290 1233 2454 1275 zona
2479 1209 2713 1274 eodem
2735 1209 2985 1273 montis

442 1313 651 1379 latere
699 1316 1098 1382 continetur.
1151 1315 1293 1381 Ubi
1338 1337 1479 1380 rem
1527 1316 1744 1395 magis
1794 1322 2100 1381 accurate
2149 1316 2452 1397 indagas,
2504 1316 2986 1382 animadvertis

443 1419 770 1500 plurimas
803 1443 1032 1485 causas
1067 1420 1376 1486 accedere
1410 1423 1645 1503 magni
1676 1420 2011 1501 ponderiS,
2047 1426 2127 1486 ut
2159 1427 2318 1486 sunt
2351 1420 2693 1502 geologica
2726 1426 2989 1485 crustae

443 1533 704 1606 natura,
743 1529 912 1606 viae,
951 1527 1380 1593 metallorum
1415 1527 1852 1594 abundantia.

531 1634 770 1714 Neque
815 1633 978 1698 haec
1017 1634 1415 1699 fefellerunt
1460 1657 1568 1698 eos
1614 1639 1919 1698 auctores
1964 1631 2044 1696 de
2090 1632 2333 1713 quibus
2380 1655 2562 1697 nunc
2608 1633 2986 1713 loquimur;

447 1761 640 1819 saepe
699 1739 1015 1804 lectorem
1077 1741 1150 1803 in
1210 1739 1477 1820 scriptis
1536 1739 1620 1804 de
1681 1739 1820 1804 illis
1881 1739 2005 1804 soli
2060 1740 2583 1821 proprietatibus
2640 1741 2989 1805 certiorem

445 1846 733 1923 faciunt,
760 1868 994 1910 verum
1022 1847 1094 1909 in
1120 1846 1373 1910 tabulis
1402 1845 1870 1926 geographicis
1899 1869 2010 1910 eas
2038 1844 2383 1910 ostendere
2410 1851 2775 1925 nequeunt.
2808 1846 2990 1910 Non-

446 1950 621 2015 nulli
674 1951 902 2032 aliqua
960 1951 1354 2016 discrimina
1408 1958 1639 2015 notare
1698 1956 2149 2029 tentaverunt,
2212 1950 2577 2015 dividendo
2629 1957 2989 2031 utrumque

446 2059 693 2122 montis
734 2058 912 2122 latus
953 2059 1027 2122 in
1065 2057 1231 2122 duas
1269 2058 1575 2137 regiones
1622 2056 2171 2137 (Burkhardtius‚
2216 2057 2665 2136 Klingerius).
2711 2057 2987 2134 Verum,

447 2185 601 2229 cum
632 2163 727 2229 sic
758 2168 1056 2244 agerent,
1087 2164 1229 2244 jam
1261 2163 1435 2227 inire
1463 2163 1595 2227 visi
1627 2168 1789 2226 sunt
1817 2163 2000 2227 viam
2031 2163 2335 2243 regiones
2369 2163 2711 2227 naturales
2745 2162 2990 2228 descri-

447 2268 670 2335 bendi.

534 2375 1099 2441 Distributionem
1124 2376 1338 2456 igitur
1362 2374 1737 2441 incolarum
1762 2375 2084 2455 indagare
2111 2377 2184 2440 in
2208 2376 2391 2440 zonis
2416 2377 2501 2442 ad
2526 2375 3009 2466 demonstran--

446 2481 604 2546 dam
662 2481 1048 2546 altitudinis
1108 2483 1438 2546 rationem
1498 2481 1848 2562 descriptis
1911 2481 2079 2546 utile
2142 2481 2444 2546 studium
2503 2505 2644 2546 esse
2699 2482 2987 2559 videtur,

447 2611 682 2653 verum
711 2589 1026 2653 methodo
1055 2588 1304 2653 nititur
1335 2588 1417 2653 ad
1452 2589 1806 2652 veritatem
1838 2610 1975 2651 non
2009 2590 2224 2667 magis
2258 2587 2752 2653 accommodata
2786 2612 2990 2669 quam

451 2699 626 2757 artes
685 2699 881 2757 antea
939 2699 1340 2774 perspectae.
1403 2691 1624 2764 Quam
1688 2694 1746 2756 si
1804 2692 2149 2757 meliorem
2211 2692 2472 2757 efficere
2535 2694 2848 2772 volueris,
2916 2718 2991 2759 eo

449 2798 798 2864 adduceris
831 2804 910 2863 ut
941 2799 1261 2879 principii
1296 2797 1587 2862 adhibiti
1622 2819 2110 2878 nonnunquam
2145 2798 2579 2864 obliviscaris.

535 2905 797 2970 Deinde
826 2904 1264 2971 incommodis
1294 2905 1559 2986 magnis
1585 2906 1849 2984 urgeris
1879 2907 1953 2970 in
1980 2904 2377 2971 instruenda
2405 2906 2655 2973 tabula.
2689 2905 2991 2973 Urbibus

450 3013 631 3075 enim
684 3016 970 3091 augetur
1021 3033 1221 3092 supra
1272 3011 1544 3075 modum
1595 3011 1970 3075 incolarum
2022 3034 2338 3076 numerus
2393 3014 2465 3076 in
2514 3013 2697 3076 zonis
2747 3014 2990 3093 quibus

450 3119 896 3184 continentur.
927 3118 1250 3182 Attamen
1279 3140 1495 3197 neque
1525 3115 2045 3195 Burkhardtius,
2078 3139 2291 3198 neque
2324 3117 2738 3198 KlingeriuS‚
2773 3141 2990 3199 neque

447 3223 512 3286 N
518 3245 889 3287 eumannus
916 3224 1114 3288 urbes
1145 3245 1495 3304 segregare
1522 3222 1883 3287 voluerunt
1908 3245 1922 3299 ;
1956 3244 2339 3302 quanquam
2369 3246 2477 3287 eas
2507 3224 2720 3304 signis
2751 3232 2993 3289 notant

451 3330 535 3395 ad
568 3330 855 3394 formam
889 3329 1403 3394 accommodatis
1437 3351 1640 3409 quam
1672 3351 1903 3392 revera
1933 3334 2282 3409 usurpant.

538 3435 695 3501 Huc
740 3435 1066 3501 accedunt
1112 3457 1284 3500 nova
1330 3434 1782 3499 incommoda:
1835 3456 2029 3514 saepe
2076 3434 2408 3499 flexuosae
2457 3434 2697 3512 lineae,
2748 3436 2994 3516 quibus

453 3541 599 3604 loca
619 3541 921 3620 ejusdem
943 3540 1325 3606 altitudinis
1351 3542 1525 3617 inter
1549 3563 1616 3604 se
1641 3541 2003 3618 conjuncta
2026 3546 2203 3617 sunt,
2230 3541 2464 3604 urbem
2490 3542 2562 3605 in
2585 3539 2750 3605 duas
2774 3547 2995 3620 partes

455 3652 702 3724 secant,
734 3646 900 3712 adeo
928 3655 1004 3713 ut
1034 3648 1105 3710 in
1139 3645 1302 3710 duas
1334 3669 1531 3713 zonas
1564 3644 1777 3710 divisa
1811 3645 1917 3710 sit.
1955 3644 2272 3710 Nondum
2307 3647 2712 3710 invenerunt
2743 3653 2994 3710 certam

456 3758 690 3831 artem,
752 3774 884 3833 qua
944 3774 1301 3817 numerum
1362 3752 1823 3816 habitantium
1885 3752 2153 3831 utrique
2219 3773 2421 3816 zonae
2489 3751 2998 3816 attribuendum

458 3858 908 3924 decernerent.
956 3859 1185 3923 Etiam
1228 3859 1367 3923 fere
1413 3881 1641 3922 omnes
1685 3859 1921 3922 rustici
1967 3858 2100 3922 vici
2147 3859 2218 3922 in
2264 3857 2429 3923 duas
2474 3858 2579 3923 vel
2626 3865 2757 3921 tres
2802 3880 2999 3922 zonas

459 3963 754 4039 incidere
790 3970 1087 4045 possunt.
1130 3964 1464 4029 Nonnulli
1503 3969 1803 4029 auctores
1843 3987 1992 4027 eam
2030 3964 2247 4043 legem
2289 3970 2662 4043 sequuntur
2698 3969 2779 4029 ut
2817 3970 2998 4028 totus

460 4069 831 4135 incolarum
856 4093 1175 4135 numerus
1201 4093 1403 4134 zonae
1431 4070 1850 4134 adscribatur
1878 4072 1949 4135 in
1976 4092 2109 4149 qua
2136 4070 2265 4134 sita
2292 4069 2382 4133 sit
2407 4070 2763 4151 municipii
2792 4071 2996 4136 curia.

462 4176 749 4257 Sperant
802 4176 944 4241 fore
1002 4182 1084 4241 ut
1142 4199 1322 4241 error
1382 4199 1535 4240 cum
1590 4198 1806 4240 errore
1869 4176 2204 4241 contrario
2261 4181 2764 4257 compensetur;
2824 4174 3001 4256 quod

462 4281 642 4347 haud
680 4283 814 4348 scio
851 4306 1017 4346 num
1056 4283 1398 4363 inaequali
1436 4282 1695 4347 ratione
1733 4282 2016 4348 eveniat.
2061 4281 2161 4346 Ut
2193 4282 2549 4344 veritatem
2587 4281 2788 4360 plane
2830 4302 3001 4343 asse-

464 4389 711 4469 quaris,
742 4411 1006 4453 necesse
1038 4395 1137 4453 est
1168 4389 1543 4453 incolarum
1572 4409 1933 4451 numerum
1967 4387 2038 4450 in
2072 4386 2358 4464 singulis
2390 4384 2697 4450 domibus
2730 4408 3003 4465 cognos-

456 4518 629 4560 cere.
671 4494 1095 4576 Quapropter
1130 4496 1349 4576 magis
1383 4493 1659 4557 veritati
1696 4490 2196 4557 accommodata
2233 4490 2542 4555 videatur
2579 4492 2833 4568 tabula,
2873 4513 3008 4570 qua

466 4602 766 4668 omnium
801 4602 1149 4667 domorum
1183 4602 1351 4666 situs
1384 4605 1726 4677 notantur,
1765 4598 1835 4662 id
1871 4604 1971 4661 est
2006 4597 2237 4661 tabula
2271 4597 2603 4677 descripta
2640 4595 3007 4662 secundum

466 4711 878 4792 principium
907 4709 1085 4790 quod
1116 4710 1188 4774 in
1219 4705 1531 4788 Oapitulo
1562 4705 1666 4770 IV
1694 4702 2143 4784 probabimus.
