3720 5875
1867 600 2170 661 —4-

834 754 936 819 De
972 753 1359 820 discrimine
1395 756 1884 837 geographicae
1919 764 1987 834 et
2020 756 2238 824 dictae
2274 759 2642 824 statisticme
2675 760 2956 825 rationis
2991 761 3289 825 eminen-

745 861 1038 926 tissimos
1070 868 1373 927 auctores
1405 861 1791 928 disseruisse
1823 860 2179 946 pernotum
2214 872 2330 931 est.
2368 866 2476 929 Ita
2511 865 2855 930 Ratzelius
2898 890 2911 930 :

834 1044 862 1079 «
910 1017 1042 1082 Mit
1076 1016 1195 1081 der
1230 1017 1540 1083 Statistik
1575 1019 1694 1083 hat
1730 1019 1837 1083 die
1876 1020 2639 1101 Anthropogeographie
2678 1022 2964 1100 gemein,
3006 1021 3157 1086 dass
3193 1024 3286 1087 sie

747 1123 856 1187 die
887 1124 1443 1204 Erscheinungen
1476 1125 1588 1189 des
1622 1125 2099 1190 Volkerlebens
2131 1125 2459 1190 erforscht
2492 1125 2632 1188 und
2664 1126 2855 1189 beide
2890 1127 3140 1191 suchen
3174 1126 3288 1191 das

747 1229 1276 1310 Gesetzmtissige
1310 1231 1382 1294 in
1417 1230 1623 1294 ihnen
1659 1255 1738 1296 zu
1773 1231 2130 1296 erkennen.
2167 1232 2350 1295 Aber
2385 1233 2455 1295 in
2492 1229 2709 1295 ihrem
2743 1232 3103 1311 Vorgehen
3136 1231 3287 1312 sind

744 1336 936 1401 beide
959 1337 1114 1401 sehr
1134 1336 1587 1402 verschieden.
1614 1339 1741 1401 Die
1767 1337 2292 1417 geographische
2319 1336 2687 1403 Gedanken
2709 1338 2945 1401 hasten
2970 1361 3081 1402 am
3106 1341 3284 1402 Orte.

743 1441 940 1506 Auch
1019 1444 1115 1506 sie
1192 1443 1413 1507 haben
1491 1444 1635 1507 ihre
1714 1432 2240 1523 geographische
2318 1444 2551 1522 Liinge
2632 1442 2771 1507 und
2852 1443 3100 1521 Breite,
3182 1445 3287 1508 ihr

742 1547 1169 1614 Verhtiltniss
1216 1572 1336 1613 2111
1379 1551 1610 1626 Kiiste,
1659 1573 1811 1613 zum
1859 1550 2137 1626 Innern,
2185 1573 2265 1612 zu
2315 1549 2679 1629 Gebirgen,
2728 1549 2869 1614 und
2916 1549 3280 1614 Fliissen...

741 1655 833 1720 Es
878 1653 1048 1719 wird
1090 1654 1299 1720 daher
1342 1658 1585 1720 immer
1630 1657 1705 1719 in
1746 1654 1865 1720 der
1911 1655 2336 1736 Geographie
2379 1657 2515 1720 viel
2561 1656 2917 1736 wichtiger
2962 1657 3124 1734 sein,
3172 1655 3282 1721 die

742 1761 1488 1841 Einzeleigenschaften
1558 1764 1743 1825 einer
1810 1762 2283 1840 Erscheinung
2350 1761 3077 1841 auseinanderzulegen
3145 1761 3285 1827 und

741 1867 849 1930 die
903 1868 1450 1932 lokalisierbaren
1505 1868 2108 1944 hemuszusuchen,
2165 1868 2264 1931 als
2319 1867 2659 1930 dicselben
2716 1869 2786 1930 in
2843 1868 3044 1932 Form
3102 1870 3286 1932 einer

741 1975 1036 2050 Summe,
1069 1973 1176 2038 die
1209 1997 1341 2038 nur
1371 1973 1500 2038 den
1533 1974 1729 2040 VVert
1762 1976 1944 2038 eines
1978 1974 2452 2039 Durschnittes
2485 1975 2623 2050 hat,
2660 1998 2814 2037 zum
2848 1974 3279 2053 Gegenstand

738 2079 911 2144 noch
960 2103 1033 2143 so
1078 2079 1608 2161 scharfsinniger
1657 2080 2197 2160 Bercchnungen
2243 2104 2323 2143 211
2371 2081 2657 2144 marchen
2687 2059 2754 2144 ¹.*
2786 2107 2814 2142 n

823 2185 1053 2249 Etiam
1081 2183 1258 2249 idem
1287 2186 1630 2250 Ratzelius
1659 2188 1730 2249 in
1758 2185 2224 2250 dissertatione
2252 2210 2422 2266 quae
2453 2187 2846 2252 inscribitur
2873 2214 2901 2249 α
2939 2186 3068 2251 Die
3097 2187 3278 2266 Lage

738 2294 809 2356 in
845 2292 1294 2371 Mittelpunkt
1330 2291 1440 2354 des
1479 2291 2074 2370 Geographischen
2113 2293 2540 2357 Unterrichts
2566 2296 2612 2357 ².
2656 2320 2684 2355 n

824 2426 852 2459 t(
889 2399 931 2461 J
937 2422 971 2462 6
1008 2398 1201 2462 mehr
1240 2397 1349 2460 ich
1388 2398 1510 2460 auf
1546 2396 1653 2459 (116
1692 2396 1943 2459 Zahlen
1982 2397 2196 2460 1161116
2237 2397 2422 2460 desto
2463 2398 2674 2464 11111161
2712 2398 2972 2461 komme
3017 2400 3126 2464 ich
3165 2397 3281 2462 der

738 2505 1067 2580 Stati'stik,
1108 2503 1310 2567 deren
1350 2503 1631 2567 Streben
1670 2503 1789 2565 auf
1827 2501 2190 2580 moglichst
2227 2503 2372 2565 rein
2411 2504 2942 2582 zahlenmiissige
2981 2503 3278 2566 Darstel-

733 2612 988 2691 lungen
1033 2610 1364 2692 gerichtet
1408 2610 1516 2685 ist,
1560 2607 1700 2673 und
1745 2607 1929 2672 desto
1973 2609 2202 2673 weiter
2247 2608 2554 2672 entferne
2600 2608 2712 2674 ich
2750 2608 2938 2674 mich
2981 2632 3113 2674 von
3159 2608 3276 2674 der

735 2717 1178 2798 Geographie.
1218 2744 1247 2778 n

814 2872 923 2935 Ex
960 2873 1047 2936 iis
1084 2870 1584 2936 commentariis
1624 2869 1979 2934 conficitur
2018 2869 2356 2933 conclusio
2395 2869 2626 2948 magni
2667 2870 2992 2933 momenti
3040 2893 3054 2934 :
3099 2869 3269 2934 Geo-

728 2979 1050 3061 graphiae
1083 2977 1498 3059 principium
1532 2976 1972 3057 praecipuum
2007 2998 2145 3040 esse
2176 2974 2465 3052 videtur,
2499 2981 2575 3040 ut
2609 2975 3032 3054 singulorum
3066 2977 3268 3057 phae-

726 3106 1189 3161 nomenorum,
1222 3084 1330 3148 vel
1367 3081 1450 3147 ad
1486 3088 1822 3160 naturam,
1857 3082 1967 3146 vel
2001 3080 2086 3146 ad
2120 3081 2465 3147 hominem
2499 3082 3006 3161 pertinentium,
3045 3083 3267 3150 locum

730 3192 1033 3257 invenire
1065 3199 1130 3256 et
1162 3214 1395 3253 zonam
1428 3189 1545 3254 ubi
1579 3193 1948 3269 appareant
1978 3187 2358 3251 delimitare
2392 3210 2726 3252 conemur.

805 3296 1126 3365 Alterum
1161 3296 1575 3377 principium
1614 3293 2017 3372 addendum,
2055 3292 2231 3373 quod
2267 3292 2540 3374 quidem
2576 3294 2893 3358 nonnulli
2925 3296 3066 3374 jam
3105 3296 3267 3359 satis

725 3405 905 3469 clare
937 3408 1429 3484 expresserunt,
1466 3400 1579 3466 sed
1614 3405 1948 3481 quantum
1983 3422 2025 3464 a
2053 3400 2412 3481 principiis
2448 3399 2691 3480 quibus
2729 3400 3060 3465 statistica
3093 3401 3266 3465 ratio

725 3512 973 3580 ‚nititur
1004 3510 1380 3585 abhorreat,
1413 3507 1756 3574 ostendere
1789 3530 2053 3572 11666666
2086 3500 2205 3572 est.

813 3617 1280 3698 Geographiae
1330 3616 1613 3695 scriptor
1662 3614 2125 3696 phaenomena
2176 3636 2313 3679 non
2361 3615 2723 3693 separatim
2776 3614 3027 3679 intueri
3078 3614 3263 3689 solet,

726 3724 838 3787 sed
874 3747 1103 3787 corum
1140 3746 1369 3787 causas
1406 3730 1470 3785 61
1508 3724 1783 3783 effectus
1821 3720 1893 3782 in
1928 3720 2253 3796 proximis
2291 3719 2769 3795 phoenomenis
2806 3720 2913 3781 vel
2950 3718 3032 3780 ad
3071 3725 3263 3780 natu-

720 3848 890 3908 ralm,
917 3829 1029 3893 vel
1058 3827 1142 3892 ad
1174 3827 1673 3902 commercium,
1703 3824 1811 3888 vol
1844 3822 1928 3888 ad
1959 3846 2100 3887 rem
2132 3823 2481 3903 politicam
2513 3822 3008 3901 pertinentibus
3040 3844 3260 3900 prose-

724 3936 958 4016 quitur
998 3958 1012 4011 ;
1074 3935 1328 4013 quippe
1385 3932 1501 4011 qui
1564 3932 1788 3994 minus
1850 3931 2080 4009 cupiat
2139 3928 2604 4008 phaenomena
2662 3929 2810 4007 ipsa
2870 3949 3262 4006 cognoscere

720 4063 923 4121 quam
956 4063 1187 4105 eorum
1220 4061 1450 4104 causas
1482 4045 1550 4103 et
1580 4037 1856 4101 effectus
1889 4035 2198 4114 reperire.

803 4146 1156 4226 Principia
1194 4146 1316 4209 illa
1387 4145 1462 4209 in
1496 4143 1621 4207 hoc
1660 4141 1884 4207 studio
1922 4146 2077 4205 ante
2117 4139 2343 4205 omnia
2404 4138 2788 4204 adhibenda
2845 4140 3257 4220 profitemur.

722 4252 1072 4328 Quantum
1111 4250 1418 4333 prodesse
1457 4250 1716 4330 possint
1755 4247 1841 4312 ad
1881 4246 2378 4313 constituendos
2417 4247 2740 4311 terminos
2781 4247 3085 4311 affinium
3127 4245 3257 4310 dis-

714 4359 1126 4441 ciplinarum
1165 4357 1371 4422 facile
1413 4354 1860 4432 ostendamus,
1903 4353 2016 4420 sed
2057 4355 2219 4419 satis
2259 4360 2360 4419 cst
2398 4354 2530 4433 hic,
2574 4353 2832 4419 duobus
2875 4353 3257 4434 specimini-

718 4467 844 4532 bus
871 4466 1170 4547 prolatiS,
1199 4469 1570 4530 monstrare
1600 4484 1768 4543 quae
1799 4459 2235 4527 commoditas
2266 4483 2350 4526 ex
2375 4460 2516 4527 illis
2545 4460 2900 4541 principiis
2929 4459 3256 4539 percipia-

712 4580 845 4637 tur.

776 4776 821 4825 1.
858 4773 1501 4836 An[hropogesmgrupl1ic,
1536 4772 1609 4821 ⁸2oe
1641 4771 1888 4833 siuslagc,
1923 4773 1999 4820 1131Γ
2028 4772 2156 4830 Teu,
2191 4784 2243 4833 p.
2281 4771 2386 4821 101.

775 4850 822 4899 2.
863 4849 1167 4910 Geoqmplz.
1204 4847 1483 4907 Zeitschr.,
1515 4847 1602 4909 VI,
1635 4848 1773 4907 1000,
1807 4860 1860 4909 p.
1894 4846 1970 4895 ⁶27.
