3720 5875
1448 1056 1845 1143 CAPUT
1984 1054 2685 1142 SECUNDUM

1000 1315 1336 1385 Quomodo
1375 1315 1757 1380 valachiam
1798 1314 1873 1378 in
1930 1313 2245 1395 regiones
2285 1314 2635 1379 naturales
2678 1315 3134 1384 diviserimus.

888 1834 976 1898 In
1023 1832 1458 1899 instituendis
1501 1831 1755 1900 tabulis
1800 1834 2008 1915 hujus
2055 1835 2319 1915 generis
2367 1833 2544 1915 quod
2587 1834 3026 1915 proponimus
3071 1840 3346 1900 tantum

803 1939 1110 2021 proficies
1163 1945 1494 2020 quantum
1548 1942 1852 2021 regiones
1905 1941 2247 2006 naturales
2298 1941 2479 2021 juste
2530 1941 2811 2021 elegeris
2864 1946 2930 2005 et
2982 1941 3160 2021 aptis
3211 1947 3348 2004 ter-

803 2047 1008 2113 minis
1049 2046 1669 2127 circumscripseriS.
1714 2045 1937 2119 Quare
1975 2046 2117 2125 jam
2158 2045 2351 2109 nobis
2390 2044 2884 2109 enuntiandum
2924 2045 3347 2125 principium

804 2176 941 2235 quo
979 2154 1241 2219 nitatur
1285 2176 1394 2217 ars
1436 2158 1664 2217 nostra
1710 2160 1776 2218 et
1823 2150 2151 2231 quomodo
2198 2151 2638 2218 incommodis
2686 2174 3073 2217 succurrere
3120 2153 3347 2217 conati

806 2261 1037 2338 simus,
1081 2260 1328 2341 quibus
1373 2258 1756 2326 offendatur
1798 2259 1873 2323 in
1919 2280 2114 2339 opere
2159 2256 2529 2323 tractando.

975 2562 1007 2642 ἓ
1053 2562 1109 2628 l.
1153 2599 1245 2612 -—·
1284 2559 1609 2626 Definitio
1653 2561 1845 2626 verbi
1889 2560 2263 2641 supradicti
2307 2588 2338 2623 α
2389 2562 2684 2641 reqionis
2732 2560 3082 2626 naturalis.
3135 2589 3167 2625 ι

892 2793 1174 2874 Oportet
1206 2797 1363 2856 ante
1398 2793 1627 2857 omnia
1659 2791 2042 2857 definiendo
2074 2792 2416 2872 explicare
2446 2793 2733 2857 verbum
2767 2794 3114 2873 «regiones
3149 2799 3344 2861 natu-

807 2899 1001 2966 rales.
1046 2924 1078 2961 ι
1126 2898 1228 2963 De
1271 2898 1660 2979 quaestione
1703 2898 1789 2964 ab
1832 2898 2385 2965 eminentissimis
2430 2899 2831 2981 geographis
2874 2901 3017 2982 jam
3060 2906 3347 2968 tractata

808 3006 1078 3086 longius
1119 3004 1441 3070 disserere
1482 3027 1617 3069 non
1661 3007 2053 3086 cogitamus,
2102 3005 2375 3072 Sufficit
2416 3014 2494 3073 ut
2538 3007 2969 3072 enuntiemus
3014 3009 3349 3088 significa-

806 3113 1061 3178 tionem
1115 3113 1307 3177 verbi
1359 3112 1550 3177 nobis
1605 3118 1969 3193 acceptam,
2026 3119 2143 3177 aut
2198 3136 2346 3178 eam
2403 3112 2674 3194 quidem
2731 3137 2902 3194 quae
2958 3114 3349 3196 accipienda

804 3218 1118 3285 videatur
1156 3220 1213 3284 si
1253 3221 1371 3300 qui
1408 3219 1749 3286 voluerint
1791 3218 2335 3286 distributionem
2378 3219 2842 3288 multitudinis
2884 3220 3208 3302 indagare
3250 3246 3344 3288 se-

809 3325 1107 3394 cundum
1150 3327 1569 3407 principium
1615 3326 2098 3406 supradictum.

894 3434 1044 3499 Hoc
1119 3434 1443 3500 vocabulo
1518 3437 1752 3498 notata
1827 3440 1985 3499 sunt
2061 3438 2128 3498 et
2199 3454 2383 3497 nunc
2457 3438 2783 3497 notantur
2855 3456 2961 3498 res
3036 3433 3348 3499 dissimil-

808 3542 1030 3606 limae.
1083 3539 1155 3606 Si
1203 3540 1385 3606 enim
1431 3540 1672 3621 plagae
1719 3538 1940 3604 dictae
1987 3566 2015 3599 ι
2053 3538 2486 3619 Champagne
2513 3565 2545 3601 ι
2598 3539 2708 3603 vel
2756 3565 2785 3600 «ι
2820 3538 3132 3606 Picardie
3160 3567 3189 3603 ι
3243 3542 3350 3606 vel

809 3675 840 3710 «
896 3646 1311 3713 Normandie
1358 3672 1387 3708 ι
1440 3647 1746 3727 regiones
1792 3646 2138 3711 naturales
2182 3645 2539 3724 habentur,
2587 3646 2889 3727 profecto
2935 3669 3071 3712 non
3118 3647 3345 3713 eadem

810 3762 911 3820 est
935 3754 1039 3820 vis
1066 3754 1248 3819 vocis
1277 3776 1356 3819 ac
1385 3753 1442 3819 si
1472 3752 1871 3818 attribuitur
1898 3752 2152 3818 talibus
2181 3753 2345 3817 locis
2377 3753 2605 3833 qualia
2637 3760 2795 3818 sunt
2826 3779 2857 3814 «
2898 3753 3274 3834 Hurepoix,
3309 3779 3338 3815 ι

811 3888 840 3923 «ι
885 3860 1276 3941 Bassigny,»
1315 3860 1428 3924 vel
1462 3886 1493 3921 «
1535 3860 1713 3940 Pays
1750 3859 1831 3924 de
1869 3858 2068 3939 Bray.
2109 3885 2141 3921 ι

896 3967 1051 4032 Non
1091 3965 1431 4030 immerito
1471 3966 1544 4029 in
1581 3965 1829 4045 vulgus
1868 3965 2136 4046 prolata
2174 3970 2273 4029 est
2313 3965 2649 4030 sententia
2690 3987 2918 4029 eorum
2963 3965 3082 4046 qui
3123 3965 3346 4029 existi-

810 4073 1091 4138 mabant
1121 4071 1718 4137 Franco-Galliam
1754 4078 1910 4136 ante
1945 4073 2289 4136 saeculum
2324 4071 2504 4135 XIX
2541 4072 2613 4135 in
2647 4072 3029 4152 provincias
3061 4071 3343 4137 divisam

811 4202 950 4245 esee
990 4177 1457 4260 geographicis
1496 4177 1884 4258 regionibus
1925 4178 2329 4255 simillimaS,
2372 4183 2607 4242 contra
2643 4178 2810 4243 fines
2848 4179 3344 4258 provinciarum

811 4308 983 4368 quae
1027 4308 1208 4350 nunc
1254 4283 1575 4350 dicuntur
1621 4311 1652 4346 «
1705 4283 2201 4365 departements
2249 4310 2278 4346 ι
2335 4307 2488 4349 cum
2534 4291 2782 4349 natura
2825 4283 3342 4366 haudquaquam

811 4413 1198 4472 congruere.
1227 4391 1483 4457 Verum
1513 4393 1570 4456 si
1596 4414 1737 4456 rem
1767 4391 2092 4456 attentius
2122 4390 2595 4471 exploraveris,
2625 4413 2942 4471 agnosces
2971 4390 3343 4472 provincias

714 4530 716 4532 ·
811 4497 1377 4565 Franco-Galliae
1412 4503 1568 4565 ante
1604 4499 1949 4565 saeculum
1984 4498 2164 4563 XIX
2202 4498 2536 4564 exstitisse
2573 4520 2657 4562 ex
2695 4497 3169 4577 conjunctione
3203 4496 3344 4576 plu-

811 4607 1143 4671 rimarum
1178 4606 1518 4670 minorum
1554 4606 1910 4685 regionum
1949 4604 2367 4670 naturalium
2408 4605 2587 4669 inter
2623 4626 2691 4669 se
2727 4609 2977 4669 natura
3010 4610 3079 4670 et
3114 4602 3342 4683 opibus

812 4711 1270 4789 dissimilium,
1327 4734 1499 4794 quae
1556 4735 1632 4777 eo
1687 4711 1960 4776 facilius
2018 4708 2585 4790 coagmentandae
2642 4715 2854 4787 erant,
2915 4707 3091 4788 quod
3146 4707 3341 4772 variis

811 4819 1110 4900 ingeniis
1150 4818 1385 4884 mixtis
1423 4824 1643 4884 totum
1684 4816 2020 4899 quoddam
2062 4817 2422 4882 effectui-ae
2464 4821 2673 4881 erant.
