3720 5875
782 676 1122 742 Flexuosa
1153 675 1356 752 linea,
1396 698 1527 756 qua
1566 675 1795 739 omnia
1829 674 1977 738 loca
2014 672 2313 754 ejusdem
2355 672 2739 738 altitudinis
2784 674 2941 753 (100
2979 675 3102 753 m.)
3149 675 3342 738 inter

782 808 850 850 se
876 784 1238 864 conjuncta
1264 789 1442 858 sunt,
1471 782 1809 846 interdum
1838 781 1921 845 ad
1947 783 2167 846 locum
2195 780 2628 845 humiliorem
2664 780 2776 859 (95
2802 781 2951 859 m.)‚
2981 779 3335 843 interdum

781 889 867 955 ad
915 892 1223 954 altiorem
1282 890 1437 969 (105
1487 891 1610 969 m.)
1666 891 1941 970 propius
1993 887 2268 962 accedit,
2323 889 2377 951 si
2430 886 2628 952 modo
2677 910 2810 951 non
2863 888 3185 951 continua
3234 886 3336 950 sit

780 996 1145 1061 acclivitas,
1180 995 1437 1060 Similis
1469 997 1840 1061 incolarum
1874 997 2104 1076 copiae
2134 1001 2231 1059 est
2263 995 2577 1071 conditiO,
2609 1017 2780 1075 quae
2811 993 2974 1057 adeo
3004 994 3333 1058 mutabili

780 1104 1039 1168 ratione
1071 1104 1181 1168 vel
1215 1110 1523 1183 augetur,
1558 1104 1667 1167 vel
1701 1104 2057 1179 minuitur,
2092 1109 2173 1167 ut
2205 1125 2354 1166 raro
2389 1102 2591 1166 liceat
2626 1101 2867 1164 ducere
2904 1101 3154 1164 lineam
3193 1103 3328 1164 cir-

781 1211 1341 1290 cumscripturam
1377 1211 1598 1274 locum
1633 1210 1894 1274 mediae
1927 1210 2349 1289 frequentia-e
2392 1209 2547 1288 (100
2585 1208 2774 1287 inc.)‚
2815 1209 2906 1271 ita
2942 1215 3019 1272 ut
3050 1214 3329 1271 tantum

780 1316 980 1382 distet
1018 1341 1058 1381 a
1092 1319 1277 1381 linea.
1310 1319 1636 1398 majorem
1676 1316 2129 1396 frequentiam
2171 1314 2628 1380 ostendentem
2676 1315 2863 1392 (105)
2910 1321 3238 1394 quamtum
3282 1337 3330 1377 a

779 1425 962 1489 linea
991 1425 1275 1489 minoris
1304 1425 1729 1504 frequentiae
1766 1424 1936 1504 (95).

867 1531 1184 1610 Superest
1260 1536 1341 1594 ut
1418 1531 1745 1595 ultimum
1824 1528 2322 1594 incommodum
2401 1527 2714 1593 methodo
2795 1528 3100 1604 insitum,
3184 1549 3327 1607 qua

776 1635 1114 1701 flexuosae
1144 1637 1363 1701 lineae
1395 1639 1794 1716 geometrica
1830 1644 1971 1701 arte
2005 1637 2487 1711 describantur,
2524 1635 2968 1699 ostendamus,
3001 1674 3090 1682 —
3119 1634 3325 1697 Prin-

779 1745 1034 1824 cipium
1072 1745 1256 1808 enim
1298 1747 1482 1824 sequi
1526 1745 1582 1807 si
1624 1745 1897 1809 omnino
1935 1743 2245 1820 volueriS‚
2292 1745 2471 1806 inter
2511 1743 2814 1821 regiones
2858 1741 3328 1804 celeberrimas

779 1860 848 1917 et
878 1873 987 1915 eas
1021 1873 1190 1931 quae
1222 1873 1427 1931 prope
1461 1848 1758 1914 desertae
1793 1857 1950 1914 sunt
1981 1850 2311 1929 plurimas
2345 1849 2559 1913 lineas
2593 1847 2833 1913 ducere
2868 1870 3132 1913 necesse
3167 1849 3318 1912 erit.

778 1955 969 2029 Quod
1022 1957 1162 2036 ipse
1210 1957 1614 2037 Turquanus
1664 1980 1796 2020 non
1849 1957 2094 2022 omisit.
2147 1957 2398 2019 Verum
2454 1979 2530 2019 eo
2579 1954 2772 2020 niodo
2824 1957 3049 2034 imago
3100 1962 3320 2019 osten-

776 2062 980 2141 ditur,
1015 2086 1185 2143 quae
1217 2086 1369 2128 cum
1400 2086 1556 2126 vera
1586 2063 2066 2127 distributione
2100 2061 2561 2126 multitudinis
2595 2084 2836 2141 parum
2868 2061 3199 2139 congruit.

862 2170 1158 2245 Etenim,
1192 2175 1349 2232 ante
1379 2171 1604 2232 omnia
1634 2170 2097 2249 phaenomena
2127 2190 2294 2247 quae
2328 2170 2409 2233 ad
2445 2168 2927 2247 geographiam
2955 2167 3320 2246 pertinent,

776 2275 1232 2340 dissimillima
1263 2276 1338 2339 fit
1370 2276 1743 2339 incola-rum
1777 2275 1971 2354 copia
2000 2276 2073 2338 in
2102 2275 2499 2354 propinquis
2531 2275 2712 2338 locis.
2749 2273 2988 2338 Nonne
3023 2275 3094 2336 in
3125 2296 3315 2337 mon-

772 2383 956 2448 tibus
999 2383 1147 2447 loca
1189 2382 1531 2462 superiora
1578 2380 1836 2446 deserta
1883 2382 2286 2455 invenimus,
2332 2403 2482 2444 cum
2534 2382 2604 2443 in
2647 2380 2976 2460 proximis
3019 2380 3315 2444 vallibus

773 2488 1128 2553 hominum
1159 2487 1248 2553 sit
1275 2488 1516 2567 ingens
1542 2486 1964 2552 multitudo?
1995 2488 2353 2552 Praeterea
2383 2487 2601 2561 urbes,
2633 2488 2705 2550 in
2736 2487 2982 2566 quibus
3012 2487 3315 2550 maxima

773 2602 873 2659 est
902 2595 1284 2675 frequentia
1317 2618 1509 2676 saepe
1542 2595 1845 2659 videmus
1881 2617 2044 2659 zona
2076 2616 2317 2674 parum
2346 2592 2773 2672 frequentata
2808 2593 3077 2657 cinctas
3115 2592 3315 2655 Vitu-

771 2701 1059 2782 perabili
1093 2701 1404 2767 methodo
1443 2701 1768 2776 adhibita,
1805 2688 2213 2765 evanescunt
2248 2705 2438 2764 tant-a
2476 2698 2886 2763 discrimina.
2926 2699 3101 2762 Nam
3139 2698 3312 2762 falso

774 2807 1109 2887 descripta
1146 2813 1246 2872 est
1285 2807 1668 2886 superficies
1708 2829 2026 2871 zonarum
2066 2807 2139 2870 in
2180 2806 2424 2886 quibus
2463 2806 2680 2885 major
2718 2804 2826 2869 vel
2866 2805 3088 2869 minor
3127 2804 3308 2868 inco·

769 2915 991 2979 larum
1022 2913 1217 2994 copia
1240 2919 1564 2978 versatur.

768 3178 798 3258 ἓ
830 3178 890 3241 4.
924 3214 1013 3225 -—
1050 3177 1436 3259 Geoyraphi
1470 3180 1796 3260 quomodo
1831 3181 2208 3245 incolarum
2247 3184 2506 3261 copiam
2541 3186 2745 3258 zoniS,
2784 3208 2952 3263 quae
2991 3183 3305 3251 flexu-osis

1103 3284 1299 3351 lineis
1337 3288 2006 3363 circumscribuntur,
2043 3288 2496 3351 demonstrare
2539 3292 2966 3353 tentaverint.

850 3490 1043 3554 Licet
1091 3489 1468 3555 defectibus
1517 3492 1831 3571 plurimis
1885 3494 2125 3556 vitiata
2178 3495 2266 3559 sit
2316 3493 2689 3569 methoduS‚
2743 3518 2878 3574 qua
2930 3497 3301 3559 incolarum

763 3596 955 3675 copia
1011 3594 1324 3662 flexuosis
1382 3598 1579 3660 lineis
1639 3596 2151 3675 demonstretur,
2213 3600 2563 3664 commoda
2617 3624 2737 3664 sua
2793 3607 3021 3666 tamen
3080 3603 3300 3668 habet.

761 3703 1004 3782 Itaque
1039 3703 1406 3783 geographi
1440 3705 1608 3767 enisi
1647 3712 1803 3768 sunt
1835 3710 1913 3767 ut
1947 3728 2098 3767 eam
2131 3704 2544 3769 callidiorem
2583 3708 2936 3786 efficerent,
2974 3716 3038 3772 et
3074 3730 3302 3772 revera

763 3813 937 3871 artes
1002 3809 1406 3873 invenerunt
1462 3810 1713 3889 quibus
1780 3817 2074 3874 correcta
2139 3817 2297 3875 sunt
2360 3812 2500 3875 fere
2565 3814 2791 3876 omnia
2857 3812 3292 3877 incommoda.

761 3915 1021 3978 Horum
1051 3920 1275 3978 autem
1300 3918 1741 3996 praecipuum
1765 3919 2077 3996 provenit
2102 3941 2183 3980 cx
2210 3941 2336 3980 usu
2362 3918 2682 3998 principii
2711 3942 2747 3981 a
2776 3919 3012 3981 Ravno
3040 3920 3296 3982 inventi

764 4019 847 4083 ad
877 4019 1204 4084 flexuosas
1232 4022 1446 4085 lineas
1475 4029 1797 4101 tanquam
1832 4025 2231 4100 geometrica
2269 4031 2408 4087 alte
2441 4023 2924 4088 describendas.

843 4125 1039 4197 Quod
1098 4126 1369 4206 quidem
1432 4127 1574 4206 jam
1638 4128 1963 4192 Behmius
2026 4128 2602 4193 animadvertebat
2668 4129 3060 4193 discrimina
3125 4131 3298 4193 inter

760 4232 1164 4295 statisticam
1192 4240 1259 4298 et
1287 4233 1806 4313 geographicam
1836 4235 2165 4298 rationem
2200 4242 2268 4299 et
2293 4235 2417 4299 hoc
2450 4236 2593 4299 loco
2622 4237 2955 4315 sagaciter
2983 4234 3289 4301 notanda

760 4338 845 4428 Si·
895 4338 1412 4418 geographicam
1473 4340 1804 4404 rationem
1869 4341 2055 4420 sequi
2116 4341 2429 4415 volueris,
2490 4341 2826 4405 flexuosae
2887 4342 3107 4406 lineae
3167 4342 3290 4405 tibi

757 4443 1234 4509 describendae
1276 4472 1305 4506 α
1359 4468 1428 4509 so
1472 4445 1620 4510 dass
1666 4445 1784 4510 der
1825 4447 2231 4526 Verteilung
2275 4446 2393 4511 der
2435 4448 2868 4513 Ortschaften
2913 4447 3292 4527 Rechnung

758 4558 1080 4631 getragen
1106 4551 1352 4617 wurde.
1392 4578 1421 4615 n

842 4657 941 4722 Eo
969 4658 1320 4737 principiO,
1356 4659 1528 4737 quod
1563 4659 1837 4723 omnino
1869 4682 2117 4724 novum
2147 4659 2281 4723 fuit
2315 4659 2633 4723 nituntur
2664 4681 2864 4740 prope
2900 4681 3124 4724 omnes
3159 4660 3290 4739 qui,

756 4763 1237 4828 recentioribus
1273 4764 1469 4827 annis
1506 4764 1877 4829 incolarum
1911 4765 2170 4843 copiam
2205 4764 2454 4827 tabulis
2492 4766 2955 4845 geographicis
2991 4765 3290 4829 demons-
